%% LaTeX2e file `dummy.bib'
%% generated by the `filecontents' environment
%% from source `pubs_cv' on 2025/04/09.
%%
 @ieeetranbstctl{BSTcontrol,
  CTLdash_repeated_names = {no},
  CTLuse_alt_spacing = {no}}
