% Encoding: ISO-8859-1

@inproceedings{Schilling:2013nca,
  author = {Schilling, Frank-Peter},
  title = {{Measurements of the Top Quark Pair-Production Cross Section}},
  journal = {EPJ Web Conf.},
  year = {2013},
  volume = {49},
  pages = {04001},
  booktitle = {{23rd Hadron Collider Physics Symposium, Kyoto, Japan}},
  archiveprefix = {arXiv},
  doi = {10.1051/epjconf/20134904001},
  eprint = {1302.4642},
  primaryclass = {hep-ex},
  reportnumber = {CMS-CR-2013-022},
  timestamp = {2013.02.20}
}

@InProceedings{Schilling:2010ee,
  author        = {Schilling, Frank-Peter},
  booktitle     = {{21st Hadron Collider Physics Symposium, Toronto, Canada}},
  title         = {{Top Quark Studies with the first CMS Data}},
  year          = {2010},
  archiveprefix = {arXiv},
  doi           = {10.48550/arXiv.1010.2393},
  eprint        = {1010.2393},
  primaryclass  = {hep-ex},
  reportnumber  = {CMS-CR-2010-172},
}

@InProceedings{leshouches2009ntuples,
  author           = {Campbell, J. and Huston, J. and Nadolsky, P. and Schilling, Frank-Peter and Uwer, P. and Weng, J.},
  booktitle        = {{9th Workshop on Physics at TeV Colliders, Les Houches, France}},
  title            = {{Common Ntuple Output format for NLO Calculations}},
  year             = {2009},
  archiveprefix    = {arXiv},
  creationdate     = {2023-02-05T15:48:31},
  doi              = {10.48550/arXiv.1003.1241},
  eprint           = {1003.1241},
  modificationdate = {2023-02-05T15:48:31},
  owner            = {scik},
  primaryclass     = {hep-ph},
}

@inproceedings{Schilling:2009ea,
  author        = {Schilling, Frank-Peter},
  title         = {{QCD and Top Quark Physics at the LHC}},
  journal       = {PoS},
  year          = {2008},
  volume        = {LHC2008},
  pages         = {047},
  booktitle     = {{4th Intl. Conference on Physics at the LHC, Split, Croatia}},
  archiveprefix = {arXiv},
  doi           = {10.22323/1.055.0047},
  eprint        = {0901.4840},
  primaryclass  = {hep-ex},
}

@inproceedings{Schilling:2007vz,
  author        = {Schilling, Frank-Peter},
  title         = {{Early Electroweak and Top Quark Physics with CMS}},
  year          = {2007},
  pages         = {447-450},
  booktitle     = {{15th Intl. Workshop on Deep-Inelastic Scattering and Related Subjects (DIS2007), Munich, Germany}},
  archiveprefix = {arXiv},
  doi           = {10.3204/proc07-01/61},
  eprint        = {0706.2940},
  primaryclass  = {hep-ex},
}

@inproceedings{Schilling:2007iq,
  author        = {Schilling, Frank-Peter},
  title         = {{Track Based Alignment in CMS}},
  year          = {2007},
  booktitle     = {{1st LHC Detector Alignment Workshop, Geneva, Switzerland}},
  archiveprefix = {arXiv},
  doi           = {10.5170/CERN-2007-004.181},
  eprint        = {0709.3368},
  primaryclass  = {physics.ins-det},
}

@inproceedings{Arce:2006zza,
  author = {Arce, P. and Buchmuller, O. and Schilling, F. P. and Vila, I. and Weber, M.},
  title  = {{Introduction to the CMS contribution}},
  booktitle   = {{1st LHC Detector Alignment Workshop, Geneva, Switzerland}},
  year   = {2007},
  doi    = {10.5170/CERN-2007-004.173},
}

@inproceedings{Buchmuller:2007zz,
  author = {Buchmuller, O. and Schilling, F. P.},
  title = {{Status and commissioning of the CMS experiment}},
  journal = {Nucl. Phys. Proc. Suppl.},
  year = {2007},
  volume = {170},
  pages = {264-272},
  booktitle = {{BEAUTY 2006, Oxford, UK}},
  archiveprefix = {arXiv},
  doi = {10.1016/j.nuclphysbps.2007.05.029},
  eprint = {hep-ex/0701019},
}

@InProceedings{Schilling:2006ic,
  author        = {Schilling, F.-P.},
  booktitle     = {{33rd Intl. Conference on High Energy Physics (ICHEP 2006), Moscow, Russia}},
  title         = {{Track reconstruction and alignment with the CMS silicon tracker}},
  year          = {2006},
  archiveprefix = {arXiv},
  doi           = {10.48550/arXiv.physics/0610005},
  eprint        = {physics/0610005},
}

@inproceedings{Barbone:2006tw,
  author       = {Barbone, L. and others},
  title        = {{Impact of CMS silicon tracker misalignment on track and vertex reconstruction}},
  journal      = {Nucl. Instrum. Meth.},
  year         = {2006},
  volume       = {A566},
  pages        = {45-49},
  booktitle     = {{Workshop on Tracking in High Multiplicity Environments (TIME 2005), Zurich, Switzerland}},
  doi          = {10.1016/j.nima.2006.05.041},
  file         = {:files/Barbone_2006tw.pdf:PDF},
}

@InProceedings{Schilling:2006pp,
  author           = {Schilling, F.-P.},
  booktitle        = {33rd Intl. Conference on High Energy Physics (ICHEP 2006), Moscow, Russia},
  title            = {{Diffractive DIS cross sections and parton distributions}},
  year             = {2006},
  archiveprefix    = {arXiv},
  creationdate     = {2023-02-05T15:48:10},
  doi              = {10.1142/9789812790873\_0113},
  eprint           = {hep-ex/0608064},
  modificationdate = {2023-02-05T15:48:10},
  owner            = {scik},
}

@inproceedings{Schilling:2005hv,
  author = {Schilling, Frank-Peter},
  title = {{Prospects for measuring $B_s \rightarrow \mu \mu$ with the CMS detector}},
  journal = {Nucl. Phys. B (Proc. Suppl.)},
  year = {2006},
  volume = {156},
  pages = {114-118},
  booktitle = {{10th Intl. Conference on B Physics at Hadron Machines (BEAUTY 2005), Assisi, Italy}},
  archiveprefix = {arXiv},
  doi = {10.1016/j.nuclphysbps.2006.03.062},
  eprint = {hep-ex/0509009},
}

@InProceedings{schilling-dpdf,
  author           = {Schilling, Frank-Peter},
  booktitle        = {{HERA and the LHC: A Workshop on the Implications of HERA for LHC Physics, CERN and DESY, 2004-2005}},
  title            = {{DPDF: A Library for Diffractive Parton Distributions}},
  year             = {2005},
  pages            = {511},
  archiveprefix    = {arXiv},
  creationdate     = {2023-02-05T15:48:31},
  doi              = {10.48550/arXiv.hep-ph/0601013},
  eprint           = {hep-ph/0601013},
  modificationdate = {2023-02-05T15:48:31},
  owner            = {scik},
}

@InProceedings{Newman:2005wm,
  author           = {Newman, Paul R. and Schilling, F.-P.},
  booktitle        = {{HERA and the LHC: A Workshop on the Implications of HERA for LHC Physics, CERN and DESY, 2004-2005}},
  title            = {{HERA diffractive structure function data and parton distributions}},
  year             = {2005},
  pages            = {488},
  archiveprefix    = {arXiv},
  creationdate     = {2023-02-05T15:48:31},
  doi              = {10.48550/arXiv.hep-ex/0511032},
  eprint           = {hep-ex/0511032},
  modificationdate = {2023-02-05T15:48:31},
  owner            = {scik},
}

@InProceedings{dis05proc,
  author           = {Laycock, Paul and Newman, P. and Schilling, F. P.},
  booktitle        = {{13th Intl. Workshop on Deep Inelastic Scattering (DIS 2005), Madison, USA}},
  title            = {{HERA diffractive structure function data and parton distributions}},
  year             = {2005},
  editor           = {Smith, Wesley H. and Dasu, Sridhara R.},
  number           = {1},
  pages            = {466--469},
  volume           = {792},
  creationdate     = {2023-02-05T15:48:31},
  doi              = {10.1063/1.2122079},
  file             = {:files/dis05proc.pdf:PDF},
  journal          = {AIP Conf. Proc.},
  modificationdate = {2023-02-05T15:48:31},
  owner            = {scik},
}

@InProceedings{Schilling:2003fc,
  author           = {Schilling, Frank-Peter},
  booktitle        = {{Intl. Europhysics Conference on High-Energy Physics (EPS-HEP 2003), Aachen, Germany}},
  title            = {{Diffractive final states with the H1 detector at HERA}},
  year             = {2004},
  pages            = {s530-s532},
  volume           = {C33},
  archiveprefix    = {arXiv},
  creationdate     = {2023-02-05T15:48:10},
  doi              = {10.1140/epjcd/s2004-03-1680-9},
  eprint           = {hep-ex/0310016},
  journal          = {Eur. Phys. J.},
  modificationdate = {2023-02-05T15:48:10},
  owner            = {scik},
}

@InProceedings{Bruni:2004cu,
  author           = {Bruni, Alessia and Diehl, Markus and Schilling, Frank-Peter},
  booktitle        = {{12th Intl. Workshop on Deep Inelastic Scattering (DIS 2004), Slovakia (DESY-04-201)}},
  title            = {{Summary of working group B: Diffraction and vector mesons}},
  year             = {2004},
  archiveprefix    = {arXiv},
  creationdate     = {2023-02-05T15:48:31},
  doi              = {10.48550/arXiv.hep-ph/0410106},
  eprint           = {hep-ph/0410106},
  modificationdate = {2023-02-05T15:49:02},
  owner            = {scik},
}

@InProceedings{Schilling:2002un,
  author           = {Schilling, F.-P.},
  booktitle        = {{31st Intl. Conference on High Energy Physics (ICHEP 2002), Amsterdam, The Netherlands}},
  title            = {{Inclusive diffraction at HERA}},
  year             = {2003},
  pages            = {403-407},
  volume           = {117},
  archiveprefix    = {arXiv},
  creationdate     = {2023-02-05T15:48:10},
  doi              = {10.1016/S0920-5632(03)90578-0},
  eprint           = {hep-ex/0210027},
  journal          = {Nucl. Phys. Proc. Suppl.},
  modificationdate = {2023-02-05T15:48:10},
  owner            = {scik},
}

@InProceedings{Schilling:2002tz,
  author           = {Schilling, Frank-Peter},
  booktitle        = {{10th Intl. Workshop on Deep Inelastic Scattering (DIS 2002), Cracow, Poland}},
  title            = {{NLO QCD fit to H1 diffractive DIS data}},
  year             = {2002},
  pages            = {3419-3424},
  volume           = {B33},
  archiveprefix    = {arXiv},
  creationdate     = {2023-02-05T15:48:10},
  eprint           = {hep-ex/0209001},
  journal          = {Acta Phys. Polon.},
  modificationdate = {2023-02-05T15:48:10},
  owner            = {scik},
  url              = {https://www.actaphys.uj.edu.pl/R/33/11/3419},
}

@InProceedings{Schilling:2001cj,
  author           = {Schilling, F.-P.},
  booktitle        = {{9th Intl. Workshop on Deep Inelastic Scattering (DIS 2001), Bologna, Italy}},
  title            = {{Diffractive jet production in DIS: Testing QCD factorisation}},
  year             = {2002},
  pages            = {830-835},
  volume           = {21},
  archiveprefix    = {arXiv},
  creationdate     = {2023-02-05T15:48:10},
  doi              = {10.1142/9789812778345\_0131},
  eprint           = {hep-ex/0107002},
  journal          = {Sci. Cult. Ser. - Phys.},
  modificationdate = {2023-02-05T15:48:10},
  owner            = {scik},
}

@InProceedings{Schilling:bnl2001,
  author           = {Schilling, Frank-Peter},
  booktitle        = {{Riken BNL Research Center Workshop (Vol. 34): High Energy QCD - Beyond the Pomeron, Upton, New York, USA, BNL-52641}},
  title            = {{Hard Diffraction: Results from H1 at HERA}},
  year             = {2001},
  creationdate     = {2023-02-05T15:48:10},
  doi              = {10.2172/788891},
  file             = {:files/Schilling_bnl2001.pdf:PDF},
  modificationdate = {2023-02-05T15:48:10},
  owner            = {scik},
}



@InProceedings{Schilling:2000ip,
  author           = {Schilling, F.-P.},
  booktitle        = {{8th Intl. Workshop on Deep Inelastic Scattering (DIS 2000), Liverpool, UK}},
  title            = {{Diffractive dijet and 3-jet electroproduction at HERA}},
  year             = {2000},
  pages            = {543--546},
  archiveprefix    = {arXiv},
  creationdate     = {2023-02-05T15:48:10},
  doi              = {10.48550/arXiv.hep-ex/0012065},
  eprint           = {hep-ex/0012065},
  modificationdate = {2023-02-05T15:48:10},
  owner            = {scik},
}

@InProceedings{Schilling:1999qe,
  author           = {Schilling, F.-P.},
  booktitle        = {{7th Intl. Workshop on Deep Inelastic Scattering (DIS 1999), Zeuthen, Germany}},
  title            = {{Diffractive dijet production at HERA}},
  year             = {1999},
  pages            = {287-289},
  volume           = {79},
  creationdate     = {2023-02-05T15:48:10},
  doi              = {10.1016/S0920-5632(99)00700-8},
  file             = {:files/Schilling_1999qe.pdf:PDF},
  journal          = {Nucl. Phys. B (Proc. Suppl.)},
  modificationdate = {2023-02-05T15:48:10},
  owner            = {scik},
}

@Comment{jabref-meta: databaseType:bibtex;}
