@Article{Amirian2023,
  author  = {Mohammadreza Amirian and Javier A. Montoya-Zegarra and Ivo Herzig and Peter Eggenberger Hotz and Lukas Lichtensteiger and Marco Morf and Alexander Z\"ust and Pascal Paysan and Igor Peterlik and Stefan Scheib and Rudolf Marcel F\"uchslin and Thilo Stadelmann and Frank-Peter Schilling},
  journal = {Med. Phys.},
  title   = {{Mitigation of motion-induced artefacts in Cone Beam Computed Tomography using Deep Convolutional Neural Networks}},
  year    = {2023},
  number  = {10},
  pages   = {6228-6242},
  volume  = {50},
  doi     = {10.1002/mp.16405},
}

@Article{Schilling2022,
  author  = {Schilling, Frank-Peter AND Flumini, Dandolo AND F{\"u}chslin, Rudolf M. AND Gavagnin, Elena AND Geller, Armando AND Quarteroni, Silvia AND Stadelmann, Thilo},
  journal = {Archives of Data Science, Series A},
  title   = {{Foundations of Data Science: A Comprehensive Overview Formed at the 1st International Symposium on the Science of Data Science}},
  year    = {2022},
  number  = {2},
  pages   = {1 -- 20},
  volume  = {8},
  doi     = {10.5445/IR/1000146422},
  file    = {:files/AoDSA_2022b.pdf:PDF},
}

@InProceedings{Herzig2022,
  author           = {Herzig, Ivo and Paysan, Pascal and Scheib, Stefan and Schilling, Frank-Peter and Montoya, Javier and Amirian, Mohammadreza and Stadelmann, Thilo and Eggenberger, Peter and F{\"u}chslin, Rudolf M. and Lichtensteiger, Lukas},
  booktitle        = {Proceedings of the American Association of Physics in Medicine Annual Meeting (AAPM 2022)},
  title            = {{Deep Learning-Based Simultaneous Multi-Phase Deformable Image Registration of Sparse 4D-CBCT}},
  year             = {2022},
  note             = {{Washington, DC, USA, July 2022}},
  doi              = {10.21256/zhaw-25181},
  modificationdate = {2023-03-08T08:48:49},
}

@InProceedings{Simmler2021,
  author    = {Simmler, Niclas and Sager, Pascal and Andermatt, Philipp and Chavarriaga, Ricardo and Schilling, Frank-Peter and Rosenthal, Matthias and Stadelmann, Thilo},
  booktitle = {8th Swiss Conference on Data Science (SDS)},
  title     = {A Survey of Un-, Weakly-, and Semi-Supervised Learning Methods for Noisy, Missing and Partial Labels in Industrial Vision Applications},
  year      = {2021},
  pages     = {26-31},
  doi       = {10.1109/SDS51136.2021.00012},
  file      = {:files/sds2021.pdf:PDF},
}

@Article{Tuggener2020,
  author  = {Tuggener, Lukas and Amirian, Mohammadreza and Benites, Fernando and von D{\"a}niken, Pius and Gupta, Prakhar and Schilling, Frank-Peter and Stadelmann, Thilo},
  journal = {AI},
  title   = {{Design Patterns for Resource-Constrained Automated Deep-Learning Methods}},
  year    = {2020},
  number  = {4},
  pages   = {510--538},
  volume  = {1},
  doi     = {10.3390/ai1040031},
  file    = {:files/ai2020.pdf:PDF},
}

@Proceedings{Schilling2020,
  title     = {{Artificial neural networks in pattern recognition : Proceedings of the 9th IAPR TC3 workshop, ANNPR 2020, Winterthur, Switzerland, September 2-4, 2020}},
  year      = {2020},
  editor    = {Schilling, Frank-Peter and Stadelmann, Thilo},
  number    = {12294},
  publisher = {Springer},
  volume    = {Lecture Notes in Computer Science},
  doi       = {10.1007/978-3-030-58309-5},
}

@Article{Amirian2020,
  author  = {Amirian, Mohammadreza and Tuggener, Lukas and Chavarriaga, Ricardo and Satyawan, Yvan Putra and Schilling, Frank-Peter and Schwenker, Friedhelm and Stadelmann, Thilo},
  title   = {Two to trust: AutoML for safe modelling and interpretable deep learning for robustness},
  journal = {Proc. of the 1st TAILOR Workshop on Trustworthy AI at ECAI 2020},
  year    = {2020},
  file    = {:files/Amirian2020.pdf:PDF},
  doi={10.21256/zhaw-22061},
}

@Article{Amirian2019,
  author  = {Amirian, Mohammadreza and Rombach, Katharina and Tuggener, Lukas and Schilling, Frank-Peter and Stadelmann, Thilo},
  journal = {Proc. of ECML-PKDD 2019, W\"urzburg},
  title   = {Efficient deep CNNs for cross-modal automated computer vision under time and space constraints},
  year    = {2019},
  doi     = {10.21256/zhaw-18357},
  file    = {:files/Amirian2019a.pdf:PDF},
}

@Article{Chatrchyan2017,
  author           = {Chatrchyan, Serguei and others},
  journal          = {Phys. Lett. B},
  title            = {{Measurement of the mass difference between top quark and antiquark in pp collisions at $\sqrt{s} = 8$ TeV}},
  year             = {2017},
  pages            = {50--71},
  volume           = {770},
  archiveprefix    = {arXiv},
  collaboration    = {CMS},
  creationdate     = {2023-01-28T18:10:22},
  doi              = {10.1016/j.physletb.2017.04.028},
  eprint           = {1610.09551},
  modificationdate = {2023-01-28T18:10:22},
  primaryclass     = {hep-ex},
  reportnumber     = {CMS-TOP-12-031, CERN-EP-2016-249},
}

@Article{Chatrchyan2014,
  author           = {Chatrchyan, Serguei and others},
  journal          = {Nature Phys.},
  title            = {{Evidence for the direct decay of the 125 GeV Higgs boson to fermions}},
  year             = {2014},
  pages            = {557},
  volume           = {10},
  archiveprefix    = {arXiv},
  collaboration    = {CMS},
  creationdate     = {2023-01-28T18:10:22},
  doi              = {10.1038/nphys3005},
  eprint           = {1401.6527},
  file             = {:files/higgsfermions.pdf:PDF},
  modificationdate = {2023-01-28T18:10:22},
  primaryclass     = {hep-ex},
  reportnumber     = {CMS-HIG-13-033, CERN-PH-EP-2014-004},
}

@Article{Chatrchyan2014a,
  author           = {Chatrchyan, Serguei and others},
  journal          = {Phys. Rev.},
  title            = {{S}earch for the standard model {H}iggs boson produced in association with a {W} or a {Z} boson and decaying to bottom quarks},
  year             = {2014},
  pages            = {012003},
  volume           = {D89},
  archiveprefix    = {arXiv},
  collaboration    = {CMS},
  creationdate     = {2023-01-28T18:10:22},
  doi              = {10.1103/PhysRevD.89.012003},
  eprint           = {1310.3687},
  modificationdate = {2023-01-28T18:10:22},
  primaryclass     = {hep-ex},
  reportnumber     = {CMS-HIG-13-012, CERN-PH-EP-2013-188},
  timestamp        = {2013.09.17},
}

@Article{Chatrchyan2013,
  author           = {Chatrchyan, Serguei and others},
  journal          = {JHEP},
  title            = {{Observation of a new boson with mass near 125 GeV in pp collisions at $\sqrt{s}$ = 7 and 8 TeV}},
  year             = {2013},
  pages            = {081},
  volume           = {1306},
  archiveprefix    = {arXiv},
  collaboration    = {CMS},
  creationdate     = {2023-01-28T18:10:22},
  doi              = {10.1007/JHEP06(2013)081},
  eprint           = {1303.4571},
  modificationdate = {2023-01-28T18:10:22},
  primaryclass     = {hep-ex},
  reportnumber     = {CMS-HIG-12-036, CERN-PH-EP-2013-035},
}


@InProceedings{Schilling:2013nca,
  author           = {Schilling, Frank-Peter},
  booktitle        = {{23rd Hadron Collider Physics Symposium, Kyoto, Japan}},
  title            = {{Measurements of the Top Quark Pair-Production Cross Section}},
  year             = {2013},
  pages            = {04001},
  volume           = {49},
  archiveprefix    = {arXiv},
  creationdate     = {2023-10-29T09:50:16},
  doi              = {10.1051/epjconf/20134904001},
  eprint           = {1302.4642},
  journal          = {EPJ Web Conf.},
  modificationdate = {2023-10-29T09:50:16},
  primaryclass     = {hep-ex},
  reportnumber     = {CMS-CR-2013-022},
  timestamp        = {2013.02.20},
}

@Article{Chatrchyan2012,
  author           = {Chatrchyan, Serguei and others},
  journal          = {Science},
  title            = {{A New Boson with a Mass of 125 GeV Observed with the CMS Experiment at the Large Hadron Collider}},
  year             = {2012},
  pages            = {1569},
  volume           = {338},
  collaboration    = {CMS},
  creationdate     = {2023-01-28T18:10:22},
  doi              = {10.1126/science.1230816},
  file             = {:files/science-higgs.pdf:PDF},
  modificationdate = {2023-01-28T18:10:22},
  timestamp        = {2013.02.12},
}

@Article{Chatrchyan2012a,
  author           = {Chatrchyan, Serguei and others},
  journal          = {Phys.Lett.},
  title            = {{Observation of a new boson at a mass of 125 GeV with the CMS experiment at the LHC}},
  year             = {2012},
  pages            = {30-61},
  volume           = {B716},
  archiveprefix    = {arXiv},
  collaboration    = {CMS},
  creationdate     = {2023-01-28T18:10:22},
  doi              = {10.1016/j.physletb.2012.08.021},
  eprint           = {1207.7235},
  modificationdate = {2023-01-28T18:10:22},
  primaryclass     = {hep-ex},
  reportnumber     = {CMS-HIG-12-028, CERN-PH-EP-2012-220},
  timestamp        = {2013.02.20},
}

@Article{Schilling2012,
  author        = {Schilling, F.-P.},
  journal       = {Int. J. Mod. Phys.},
  title         = {{T}op {Q}uark {P}hysics at the {LHC}: {A} {R}eview of the {F}irst {T}wo {Y}ears},
  year          = {2012},
  number        = {17},
  pages         = {1230016},
  volume        = {A27},
  archiveprefix = {arXiv},
  doi           = {10.1142/s0217751x12300165},
  eprint        = {1206.4484},
  primaryclass  = {hep-ex},
  timestamp     = {2012.06.21},
}

@Article{Chatrchyan2012b,
  author           = {Chatrchyan, Serguei and others},
  journal          = {JHEP},
  title            = {{Measurement of the single-top-quark $t$-channel cross section in $pp$ collisions at $\sqrt{s}=7$ TeV}},
  year             = {2012},
  pages            = {035},
  volume           = {1212},
  archiveprefix    = {arXiv},
  collaboration    = {CMS},
  creationdate     = {2023-01-28T18:10:22},
  doi              = {10.1007/JHEP12(2012)035},
  eprint           = {1209.4533},
  modificationdate = {2023-01-28T18:10:22},
  primaryclass     = {hep-ex},
  reportnumber     = {CMS-TOP-11-021, CERN-PH-EP-2012-274},
  timestamp        = {2012.11.30},
}

@Article{Chatrchyan2012c,
  author           = {Chatrchyan, Serguei and others},
  journal          = {Phys.Lett.},
  title            = {{Inclusive and differential measurements of the $t \bar{t}$ charge asymmetry in proton-proton collisions at 7 TeV}},
  year             = {2012},
  pages            = {129-150},
  volume           = {B717},
  archiveprefix    = {arXiv},
  collaboration    = {CMS},
  creationdate     = {2023-01-28T18:10:22},
  doi              = {10.1016/j.physletb.2012.09.028},
  eprint           = {1207.0065},
  modificationdate = {2023-01-28T18:10:22},
  primaryclass     = {hep-ex},
  reportnumber     = {CMS-TOP-11-030, CERN-PH-EP-2012-175},
  timestamp        = {2012.11.30},
}

@Article{Chatrchyan2011,
  author           = {Chatrchyan, Serguei and others},
  journal          = {Phys.Rev.},
  title            = {{M}easurement of the $t\bar{t}$ {P}roduction {C}ross {S}ection in pp {C}ollisions at 7 {T}e{V} in {L}epton + {J}ets {E}vents {U}sing b-quark {J}et {I}dentification},
  year             = {2011},
  pages            = {092004},
  volume           = {D84},
  archiveprefix    = {arXiv},
  collaboration    = {CMS},
  creationdate     = {2023-01-28T18:11:19},
  doi              = {10.1103/PhysRevD.84.092004},
  eprint           = {1108.3773},
  modificationdate = {2023-01-28T18:11:19},
  primaryclass     = {hep-ex},
  timestamp        = {2011.09.28},
}

@Article{Chatrchyan2011b,
  author           = {Chatrchyan, Serguei and others},
  journal          = {JHEP},
  title            = {{M}easurement of the t t-bar production cross section and the top quark mass in the dilepton channel in pp collisions at sqrt(s) =7 {T}e{V}},
  year             = {2011},
  pages            = {049},
  volume           = {07},
  archiveprefix    = {arXiv},
  collaboration    = {CMS},
  creationdate     = {2023-01-28T18:11:19},
  doi              = {10.1007/JHEP07(2011)049},
  eprint           = {1105.5661},
  modificationdate = {2023-01-28T18:11:19},
  primaryclass     = {hep-ex},
}

@Article{Chatrchyan2011c,
  author           = {Chatrchyan, Serguei and others},
  journal          = {Eur. Phys. J.},
  title            = {{M}easurement of the {T}op-antitop {P}roduction {C}ross {S}ection in pp {C}ollisions at sqrt(s)=7 {T}e{V} using the {K}inematic {P}roperties of {E}vents with {L}eptons and {J}ets},
  year             = {2011},
  pages            = {1721},
  volume           = {C71},
  archiveprefix    = {arXiv},
  collaboration    = {CMS},
  creationdate     = {2023-01-28T18:12:46},
  doi              = {10.1140/epjc/s10052-011-1721-3},
  eprint           = {1106.0902},
  file             = {:files/Chatrchyan_2011ew.pdf:PDF},
  modificationdate = {2023-01-28T18:12:46},
  primaryclass     = {hep-ex},
}

@Article{Khachatryan2011,
  author           = {Khachatryan, V. and others},
  journal          = {Phys.Lett.},
  title            = {{F}irst {M}easurement of the {C}ross {S}ection for {T}op-{Q}uark {P}air {P}roduction in {P}roton-{P}roton {C}ollisions at $\sqrt{s}=7$ {T}e{V}},
  year             = {2011},
  pages            = {424-443},
  volume           = {B695},
  archiveprefix    = {arXiv},
  collaboration    = {CMS},
  creationdate     = {2023-01-28T18:13:12},
  doi              = {10.1016/j.physletb.2010.11.058},
  eprint           = {1010.5994},
  modificationdate = {2023-01-28T18:13:12},
  primaryclass     = {hep-ex},
}

@InProceedings{Schilling:2010ee,
  author           = {Schilling, Frank-Peter},
  booktitle        = {{21st Hadron Collider Physics Symposium, Toronto, Canada}},
  title            = {{Top Quark Studies with the first CMS Data}},
  year             = {2010},
  note             = {\href{http://arxiv.org/abs/1010.2393}{arXiv:1010.2393}},
  archiveprefix    = {arXiv},
  creationdate     = {2023-10-29T09:50:16},
  doi              = {10.48550/arXiv.1010.2393},
  eprint           = {1010.2393},
  modificationdate = {2023-10-29T09:50:16},
  primaryclass     = {hep-ex},
  reportnumber     = {CMS-CR-2010-172},
}

@InProceedings{Schilling:2009ea,
  author           = {Schilling, Frank-Peter},
  booktitle        = {{4th Intl. Conference on Physics at the LHC, Split, Croatia}},
  title            = {{QCD and Top Quark Physics at the LHC}},
  year             = {2008},
  pages            = {047},
  volume           = {LHC2008},
  archiveprefix    = {arXiv},
  creationdate     = {2023-10-29T09:50:16},
  doi              = {10.22323/1.055.0047},
  eprint           = {0901.4840},
  journal          = {PoS},
  modificationdate = {2023-10-29T09:50:16},
  primaryclass     = {hep-ex},
}

@Article{Adolphi2008,
  author           = {Adolphi, R. and others},
  journal          = {JINST},
  title            = {{T}he {CMS} experiment at the {CERN} {LHC}},
  year             = {2008},
  pages            = {S08004},
  volume           = {3},
  collaboration    = {CMS},
  creationdate     = {2023-01-28T18:13:51},
  doi              = {10.1088/1748-0221/3/08/S08004},
  modificationdate = {2023-01-28T18:13:51},
  timestamp        = {2013.02.20},
}

@InProceedings{Schilling:2007vz,
  author           = {Schilling, Frank-Peter},
  booktitle        = {{15th Intl. Workshop on Deep-Inelastic Scattering and Related Subjects (DIS2007), Munich, Germany}},
  title            = {{Early Electroweak and Top Quark Physics with CMS}},
  year             = {2007},
  pages            = {447-450},
  archiveprefix    = {arXiv},
  creationdate     = {2023-10-29T09:50:16},
  doi              = {10.3204/proc07-01/61},
  eprint           = {0706.2940},
  modificationdate = {2023-10-29T09:50:16},
  primaryclass     = {hep-ex},
}

@Article{Bayatian2007,
  author           = {Bayatian, G.L. and others},
  journal          = {J. Phys.},
  title            = {{CMS technical design report, volume II: Physics performance}},
  year             = {2007},
  pages            = {995-1579},
  volume           = {G34},
  collaboration    = {CMS},
  creationdate     = {2023-01-28T18:13:51},
  doi              = {10.1088/0954-3899/34/6/S01},
  modificationdate = {2023-01-28T18:13:51},
  timestamp        = {2013.02.20},
}

@InProceedings{Schilling:2006pp,
  author           = {Schilling, F.-P.},
  booktitle        = {33rd Intl. Conference on High Energy Physics (ICHEP 2006), Moscow, Russia},
  title            = {{Diffractive DIS cross sections and parton distributions}},
  year             = {2006},
  archiveprefix    = {arXiv},
  creationdate     = {2023-10-29T09:50:16},
  doi              = {10.1142/9789812790873\_0113},
  eprint           = {hep-ex/0608064},
  modificationdate = {2023-10-29T09:50:16},
  owner            = {scik},
}

@Article{Aktas2006,
  author           = {Aktas, A. and others},
  journal          = {Eur. Phys. J.},
  title            = {{Measurement and QCD analysis of the diffractive deep- inelastic scattering cross-section at HERA}},
  year             = {2006},
  pages            = {715-748},
  volume           = {C48},
  archiveprefix    = {arXiv},
  collaboration    = {H1},
  creationdate     = {2023-01-28T18:14:54},
  doi              = {10.1140/epjc/s10052-006-0035-3},
  eprint           = {hep-ex/0606004},
  file             = {:files/Aktas_2006hy.pdf:PDF},
  modificationdate = {2023-01-28T18:14:54},
}

@Article{Aktas2006a,
  author           = {Aktas, A. and others},
  journal          = {Eur. Phys. J.},
  title            = {{Diffractive deep-inelastic scattering with a leading proton at HERA}},
  year             = {2006},
  pages            = {749-766},
  volume           = {C48},
  archiveprefix    = {arXiv},
  collaboration    = {H1},
  creationdate     = {2023-01-28T18:15:05},
  doi              = {10.1140/epjc/s10052-006-0046-0},
  eprint           = {hep-ex/0606003},
  modificationdate = {2023-01-28T18:15:05},
  primaryclass     = {hep-ex},
  reportnumber     = {DESY-06-048},
  timestamp        = {2013.04.29},
}

@InProceedings{Bruni:2004cu,
  author           = {Bruni, Alessia and Diehl, Markus and Schilling, Frank-Peter},
  booktitle        = {{12th Intl. Workshop on Deep Inelastic Scattering (DIS 2004), Slovakia (DESY-04-201)}},
  title            = {{Summary of working group B: Diffraction and vector mesons}},
  year             = {2004},
  note             = {preprint \href{http://arxiv.org/abs/hep-ph/0410106}{arXiv:hep-ph/0410106}},
  archiveprefix    = {arXiv},
  creationdate     = {2023-10-29T09:49:32},
  doi              = {10.48550/arXiv.hep-ph/0410106},
  eprint           = {hep-ph/0410106},
  modificationdate = {2023-10-29T09:49:32},
  owner            = {scik},
}


@InProceedings{Schilling:2003fc,
  author           = {Schilling, Frank-Peter},
  booktitle        = {{Intl. Europhysics Conference on High-Energy Physics (EPS-HEP 2003), Aachen, Germany}},
  title            = {{Diffractive final states with the H1 detector at HERA}},
  year             = {2004},
  pages            = {s530-s532},
  volume           = {C33},
  archiveprefix    = {arXiv},
  creationdate     = {2023-10-29T09:49:32},
  doi              = {10.1140/epjcd/s2004-03-1680-9},
  eprint           = {hep-ex/0310016},
  journal          = {Eur. Phys. J.},
  modificationdate = {2023-10-29T09:49:32},
  owner            = {scik},
}

@Article{Adloff2003,
  author           = {Adloff, C. and others},
  journal          = {Eur. Phys. J.},
  title            = {{Measurement of inclusive jet cross-sections in photoproduction at HERA}},
  year             = {2003},
  pages            = {497-513},
  volume           = {C29},
  archiveprefix    = {arXiv},
  collaboration    = {H1},
  creationdate     = {2023-01-28T18:15:20},
  doi              = {10.1140/epjc/s2003-01262-9},
  eprint           = {hep-ex/0302034},
  modificationdate = {2023-01-28T18:15:20},
}

@InProceedings{Schilling:2002un,
  author           = {Schilling, F.-P.},
  booktitle        = {{31st Intl. Conference on High Energy Physics (ICHEP 2002), Amsterdam, The Netherlands}},
  title            = {{Inclusive diffraction at HERA}},
  year             = {2003},
  pages            = {403-407},
  volume           = {117},
  archiveprefix    = {arXiv},
  creationdate     = {2023-10-29T09:49:32},
  doi              = {10.1016/S0920-5632(03)90578-0},
  eprint           = {hep-ex/0210027},
  journal          = {Nucl. Phys. Proc. Suppl.},
  modificationdate = {2023-10-29T09:49:32},
  owner            = {scik},
}

@Article{Adloff2001,
  author           = {Adloff, C. and others},
  journal          = {Eur. Phys. J.},
  title            = {{Diffractive jet production in deep inelastic $e^{+} p$ collisions at HERA}},
  year             = {2001},
  pages            = {29-49},
  volume           = {C20},
  archiveprefix    = {arXiv},
  collaboration    = {H1},
  creationdate     = {2023-01-28T18:16:35},
  doi              = {10.1007/s100520100634},
  eprint           = {hep-ex/0012051},
  file             = {:files/Adloff_2000qi.pdf:PDF},
  modificationdate = {2023-01-28T18:16:35},
}

@InProceedings{Schilling:1999qe,
  author           = {Schilling, F.-P.},
  booktitle        = {{7th Intl. Workshop on Deep Inelastic Scattering (DIS 1999), Zeuthen, Germany}},
  title            = {{Diffractive dijet production at HERA}},
  year             = {1999},
  pages            = {287-289},
  volume           = {79},
  creationdate     = {2023-10-29T09:49:32},
  doi              = {10.1016/S0920-5632(99)00700-8},
  file             = {:files/Schilling_1999qe.pdf:PDF},
  journal          = {Nucl. Phys. B (Proc. Suppl.)},
  modificationdate = {2023-10-29T09:49:32},
  owner            = {scik},
}

@Comment{jabref-meta: databaseType:bibtex;}
