% Encoding: ISO-8859-1

@PhdThesis{phd,
  author           = {Schilling, F.-P.},
  school           = {University of Heidelberg},
  title            = {{Diffractive Jet Production in Deep-Inelastic e+p Collisions at HERA}},
  year             = {2001},
  note             = {{DESY-THESIS-2001-010}},
  doi              = {10.11588/heidok.00001440},
  file             = {:files/phd.pdf:PDF},
  modificationdate = {2023-02-06T19:07:16},
  url              = {https://doi.org/10.11588/heidok.00001440},
}

@MastersThesis{h1th-132,
  author = {Schilling, F.-P.},
  title  = {{Untersuchung von 2-Jet-Ereignissen in der diffraktiven tiefinelastischen Streuung mit dem H1-Detektor}},
  school = {University of Heidelberg},
  year   = {1998},
  note   = {{H1TH-132}},
  file   = {:files/h1th-132.pdf:PDF},
  url    = {http://www-h1.desy.de/psfiles/theses/h1th-132.ps},
}

@Comment{jabref-meta: databaseType:bibtex;}
