@article{H1:2005dtp,
    author = "Aktas, A. and others",
    collaboration = "H1",
    title = "{Elastic J/psi production at HERA}",
    eprint = "hep-ex/0510016",
    archivePrefix = "arXiv",
    reportNumber = "DESY-05-161",
    doi = "10.1140/epjc/s2006-02519-5",
    journal = "Eur. Phys. J. C",
    volume = "46",
    pages = "585--603",
    year = "2006"
}

@article{H1:2005cox,
    author = "Aktas, A. and others",
    collaboration = "H1",
    title = "{Forward jet production in deep inelastic scattering at HERA}",
    eprint = "hep-ex/0508055",
    archivePrefix = "arXiv",
    reportNumber = "DESY-05-135",
    doi = "10.1140/epjc/s2005-02471-x",
    journal = "Eur. Phys. J. C",
    volume = "46",
    pages = "27--42",
    year = "2006"
}

@article{H1:2005xal,
    author = "Aktas, A. and others",
    collaboration = "H1",
    title = "{A Determination of electroweak parameters at HERA}",
    eprint = "hep-ex/0507080",
    archivePrefix = "arXiv",
    reportNumber = "DESY-05-093",
    doi = "10.1016/j.physletb.2005.10.035",
    journal = "Phys. Lett. B",
    volume = "632",
    pages = "35--42",
    year = "2006"
}

@article{H1:2005vma,
    author = "Aktas, A. and others",
    collaboration = "H1",
    title = "{Measurement of F(2)**c anti-c and F(2)**b anti-b at low Q*2 and x using the H1 vertex detector at HERA}",
    eprint = "hep-ex/0507081",
    archivePrefix = "arXiv",
    reportNumber = "DESY-05-110",
    doi = "10.1140/epjc/s2005-02415-6",
    journal = "Eur. Phys. J. C",
    volume = "45",
    pages = "23--33",
    year = "2006"
}

@article{H1:2005wdg,
    author = "Aktas, A. and others",
    collaboration = "H1",
    title = "{Search for leptoquark bosons in ep collisions at HERA}",
    eprint = "hep-ex/0506044",
    archivePrefix = "arXiv",
    reportNumber = "DESY-05-087",
    doi = "10.1016/j.physletb.2005.09.048",
    journal = "Phys. Lett. B",
    volume = "629",
    pages = "9--19",
    year = "2005"
}

@article{H1:2005gdw,
    author = "Aktas, A. and others",
    collaboration = "H1",
    title = "{Measurement of deeply virtual compton scattering at HERA}",
    eprint = "hep-ex/0505061",
    archivePrefix = "arXiv",
    reportNumber = "DESY-05-065",
    doi = "10.1140/epjc/s2005-02345-3",
    journal = "Eur. Phys. J. C",
    volume = "44",
    pages = "1--11",
    year = "2005"
}

@article{H1:2005joz,
    author = "Aktas, A. and others",
    collaboration = "H1",
    title = "{Measurement of charm and beauty photoproduction at HERA using D* mu correlations}",
    eprint = "hep-ex/0503038",
    archivePrefix = "arXiv",
    reportNumber = "DESY-05-040",
    doi = "10.1016/j.physletb.2005.06.040",
    journal = "Phys. Lett. B",
    volume = "621",
    pages = "56--71",
    year = "2005"
}

@article{H1:2005jeo,
    author = "Aktas, A. and others",
    collaboration = "H1",
    title = "{Measurement of beauty production at HERA using events with muons and jets}",
    eprint = "hep-ex/0502010",
    archivePrefix = "arXiv",
    reportNumber = "DESY-05-004",
    doi = "10.1140/epjc/s2005-02267-0",
    journal = "Eur. Phys. J. C",
    volume = "41",
    pages = "453--467",
    year = "2005"
}

@article{H1:2004zsc,
    author = "Aktas, A. and others",
    collaboration = "H1",
    title = "{A Direct search for stable magnetic monopoles produced in positron-proton collisions at HERA}",
    eprint = "hep-ex/0501039",
    archivePrefix = "arXiv",
    reportNumber = "DESY-04-240",
    doi = "10.1140/epjc/s2005-02201-6",
    journal = "Eur. Phys. J. C",
    volume = "41",
    pages = "133--141",
    year = "2005"
}

@article{H1:2004lnr,
    author = "Aktas, A. and others",
    collaboration = "H1",
    title = "{Measurement of dijet cross sections in ep interactions with a leading neutron at HERA}",
    eprint = "hep-ex/0501074",
    archivePrefix = "arXiv",
    reportNumber = "DESY-04-247",
    doi = "10.1140/epjc/s2005-02227-8",
    journal = "Eur. Phys. J. C",
    volume = "41",
    pages = "273--286",
    year = "2005"
}

@article{H1:2004esl,
    author = "Aktas, A. and others",
    collaboration = "H1",
    title = "{Measurement of F2($c \bar{c}$) and F2($b \bar{b}$) at high $Q^{2}$ using the H1 vertex detector at HERA}",
    eprint = "hep-ex/0411046",
    archivePrefix = "arXiv",
    reportNumber = "DESY-04-209",
    doi = "10.1140/epjc/s2005-02154-8",
    journal = "Eur. Phys. J. C",
    volume = "40",
    pages = "349--359",
    year = "2005"
}

@article{H1:2004fkn,
    author = "Aktas, A. and others",
    collaboration = "H1",
    title = "{Search for light gravitinos in events with photons and missing transverse momentum at HERA}",
    eprint = "hep-ex/0501030",
    archivePrefix = "arXiv",
    reportNumber = "DESY-04-227",
    doi = "10.1016/j.physletb.2005.04.038",
    journal = "Phys. Lett. B",
    volume = "616",
    pages = "31--42",
    year = "2005"
}

@article{H1:2004rlm,
    author = "Aktas, A. and others",
    collaboration = "H1",
    title = "{A General search for new phenomena in ep scattering at HERA}",
    eprint = "hep-ex/0408044",
    archivePrefix = "arXiv",
    reportNumber = "DESY-04-140",
    doi = "10.1016/j.physletb.2004.09.057",
    journal = "Phys. Lett. B",
    volume = "602",
    pages = "14--30",
    year = "2004"
}

@article{H1:2004bwe,
    author = "Aktas, A. and others",
    collaboration = "H1",
    title = "{Inclusive production of D+, D0, D+(s) and D*+ mesons in deep inelastic scattering at HERA}",
    eprint = "hep-ex/0408149",
    archivePrefix = "arXiv",
    reportNumber = "DESY-04-156",
    doi = "10.1140/epjc/s2004-02069-x",
    journal = "Eur. Phys. J. C",
    volume = "38",
    pages = "447--459",
    year = "2005"
}

@article{H1:2004jab,
    author = "Aktas, A. and others",
    collaboration = "H1",
    title = "{Measurement of prompt photon cross sections in photoproduction at HERA}",
    eprint = "hep-ex/0407018",
    archivePrefix = "arXiv",
    reportNumber = "DESY-04-118",
    doi = "10.1140/epjc/s2004-02085-x",
    journal = "Eur. Phys. J. C",
    volume = "38",
    pages = "437--445",
    year = "2005"
}

@article{H1:2004ncp,
    author = "Aktas, A. and others",
    collaboration = "H1",
    title = "{Measurement of the proton structure function F(2) at low Q**2 in QED Compton scattering at HERA}",
    eprint = "hep-ex/0406029",
    archivePrefix = "arXiv",
    reportNumber = "DESY-04-083",
    doi = "10.1016/j.physletb.2004.08.004",
    journal = "Phys. Lett. B",
    volume = "598",
    pages = "159--171",
    year = "2004"
}

@article{H1:2004vcn,
    author = "Aktas, A. and others",
    collaboration = "H1",
    title = "{Search for bosonic stop decays in R-parity violating supersymmetry in e+ p collisions at HERA}",
    eprint = "hep-ex/0405070",
    archivePrefix = "arXiv",
    reportNumber = "DESY-04-084",
    doi = "10.1016/j.physletb.2004.08.032",
    journal = "Phys. Lett. B",
    volume = "599",
    pages = "159--172",
    year = "2004"
}

@article{H1:2004xgw,
    author = "Aktas, A. and others",
    collaboration = "H1",
    title = "{Forward $\pi^0$ production and associated transverse energy flow in deep-inelastic scattering at HERA}",
    eprint = "hep-ex/0404009",
    archivePrefix = "arXiv",
    reportNumber = "DESY-04-051",
    doi = "10.1140/epjc/s2004-01983-1",
    journal = "Eur. Phys. J. C",
    volume = "36",
    pages = "441--452",
    year = "2004"
}

@article{H1:2004gdk,
    author = "Aktas, A. and others",
    collaboration = "H1",
    title = "{Evidence for a narrow anti-charmed baryon state}",
    eprint = "hep-ex/0403017",
    archivePrefix = "arXiv",
    reportNumber = "DESY-04-038",
    doi = "10.1016/j.physletb.2004.03.012",
    journal = "Phys. Lett. B",
    volume = "588",
    pages = "17",
    year = "2004"
}

@article{H1:2004vaf,
    author = "Aktas, A. and others",
    collaboration = "H1",
    title = "{Search for squark production in R parity violating supersymmetry at HERA}",
    eprint = "hep-ex/0403027",
    archivePrefix = "arXiv",
    reportNumber = "DESY-04-025",
    doi = "10.1140/epjc/s2004-01982-2",
    journal = "Eur. Phys. J. C",
    volume = "36",
    pages = "425--440",
    year = "2004"
}

@article{H1:2004maq,
    author = "Aktas, A. and others",
    collaboration = "H1",
    title = "{Measurement of anti-deuteron photoproduction and a search for heavy stable charged particles at HERA}",
    eprint = "hep-ex/0403056",
    archivePrefix = "arXiv",
    reportNumber = "DESY-04-032",
    doi = "10.1140/epjc/s2004-01978-x",
    journal = "Eur. Phys. J. C",
    volume = "36",
    pages = "413--423",
    year = "2004"
}

@article{H1:2004nvb,
    author = "Aktas, A. and others",
    collaboration = "H1",
    title = "{Measurement of dijet production at low Q**2 at HERA}",
    eprint = "hep-ex/0401010",
    archivePrefix = "arXiv",
    reportNumber = "DESY-03-206",
    doi = "10.1140/epjc/s2004-01989-7",
    journal = "Eur. Phys. J. C",
    volume = "37",
    pages = "141--159",
    year = "2004"
}

@article{H1:2003mpu,
    author = "Aktas, A. and others",
    collaboration = "H1",
    title = "{Inclusive dijet production at low Bjorken x in deep inelastic scattering}",
    eprint = "hep-ex/0310019",
    archivePrefix = "arXiv",
    reportNumber = "DESY-03-160",
    doi = "10.1140/epjc/s2004-01644-5",
    journal = "Eur. Phys. J. C",
    volume = "33",
    pages = "477--493",
    year = "2004"
}

@article{H1:2003xnb,
    author = "Aktas, A. and others",
    collaboration = "H1",
    title = "{Search for single top quark production in ep collisions at HERA}",
    eprint = "hep-ex/0310032",
    archivePrefix = "arXiv",
    reportNumber = "DESY-03-132",
    doi = "10.1140/epjc/s2003-01588-2",
    journal = "Eur. Phys. J. C",
    volume = "33",
    pages = "9--22",
    year = "2004"
}

@article{H1:2003nlr,
    author = "Aktas, A. and others",
    collaboration = "H1",
    title = "{Muon pair production in ep collisions at HERA}",
    eprint = "hep-ex/0311015",
    archivePrefix = "arXiv",
    reportNumber = "DESY-03-159",
    doi = "10.1016/j.physletb.2004.01.003",
    journal = "Phys. Lett. B",
    volume = "583",
    pages = "28--40",
    year = "2004"
}

@article{H1:2003tht,
    author = "Aktas, A. and others",
    collaboration = "H1",
    title = "{Multielectron production at high transverse momenta in ep collisions at HERA}",
    eprint = "hep-ex/0307015",
    archivePrefix = "arXiv",
    reportNumber = "DESY-03-082",
    doi = "10.1140/epjc/s2003-01326-x",
    journal = "Eur. Phys. J. C",
    volume = "31",
    pages = "17--29",
    year = "2003"
}

@article{H1:2003xcg,
    author = "Adloff, C. and others",
    collaboration = "H1",
    title = "{Search for new physics in $e^\pm q$ contact interactions at HERA}",
    eprint = "hep-ex/0305015",
    archivePrefix = "arXiv",
    reportNumber = "DESY-03-052",
    doi = "10.1016/j.physletb.2003.06.034",
    journal = "Phys. Lett. B",
    volume = "568",
    pages = "35--47",
    year = "2003"
}

@article{H1:2003xoe,
    author = "Adloff, C. and others",
    collaboration = "H1",
    title = "{Measurement and QCD analysis of neutral and charged current cross-sections at HERA}",
    eprint = "hep-ex/0304003",
    archivePrefix = "arXiv",
    reportNumber = "DESY-03-038",
    doi = "10.1140/epjc/s2003-01257-6",
    journal = "Eur. Phys. J. C",
    volume = "30",
    pages = "1--32",
    year = "2003"
}

@article{H1:2003bku,
    author = "Andreev, V. and others",
    collaboration = "H1",
    title = "{Isolated electrons and muons in events with missing transverse momentum at HERA}",
    eprint = "hep-ex/0301030",
    archivePrefix = "arXiv",
    reportNumber = "DESY-02-224",
    doi = "10.1016/S0370-2693(03)00497-0",
    journal = "Phys. Lett. B",
    volume = "561",
    pages = "241--257",
    year = "2003"
}

@article{H1:2002edz,
    author = "Adloff, C. and others",
    collaboration = "H1",
    title = "{Search for excited electrons at HERA}",
    eprint = "hep-ex/0207038",
    archivePrefix = "arXiv",
    reportNumber = "DESY-02-096",
    doi = "10.1016/S0370-2693(02)02764-8",
    journal = "Phys. Lett. B",
    volume = "548",
    pages = "35--44",
    year = "2002"
}

@article{H1:2002qhb,
    author = "Adloff, C. and others",
    collaboration = "H1",
    title = "{Measurement of inclusive jet cross-sections in deep inelastic ep scattering at HERA}",
    eprint = "hep-ex/0206029",
    archivePrefix = "arXiv",
    reportNumber = "DESY-02-079",
    doi = "10.1016/S0370-2693(02)02375-4",
    journal = "Phys. Lett. B",
    volume = "542",
    pages = "193--206",
    year = "2002"
}

@article{H1:2002voc,
    author = "Adloff, C. and others",
    collaboration = "H1",
    title = "{Inelastic photoproduction of $J/\psi$ mesons at HERA}",
    eprint = "hep-ex/0205064",
    archivePrefix = "arXiv",
    reportNumber = "DESY-02-059",
    doi = "10.1007/s10052-002-1009-8",
    journal = "Eur. Phys. J. C",
    volume = "25",
    pages = "25--39",
    year = "2002"
}

@article{H1:2002xeb,
    author = "Adloff, C. and others",
    collaboration = "H1",
    title = "{Inelastic leptoproduction of $J/\psi$ mesons at HERA}",
    eprint = "hep-ex/0205065",
    archivePrefix = "arXiv",
    reportNumber = "DESY-02-060",
    doi = "10.1007/s10052-002-1014-y",
    journal = "Eur. Phys. J. C",
    volume = "25",
    pages = "41--53",
    year = "2002"
}

@article{H1:2002lra,
    author = "Adloff, C. and others",
    collaboration = "H1",
    title = "{Search for QCD instanton induced processes in deep inelastic scattering at HERA}",
    eprint = "hep-ex/0205078",
    archivePrefix = "arXiv",
    reportNumber = "DESY-02-062",
    doi = "10.1140/epjc/s2002-01039-8",
    journal = "Eur. Phys. J. C",
    volume = "25",
    pages = "495--509",
    year = "2002"
}

@article{H1:2002yab,
    author = "Adloff, C. and others",
    collaboration = "H1",
    title = "{Diffractive photoproduction of psi(2S) mesons at HERA}",
    eprint = "hep-ex/0205107",
    archivePrefix = "arXiv",
    reportNumber = "DESY-02-075",
    doi = "10.1016/S0370-2693(02)02275-X",
    journal = "Phys. Lett. B",
    volume = "541",
    pages = "251--264",
    year = "2002"
}

@article{H1:2002apm,
    author = "Adloff, C. and others",
    collaboration = "H1",
    title = "{Measurement of dijet cross-sections in photoproduction at HERA}",
    eprint = "hep-ex/0201006",
    archivePrefix = "arXiv",
    reportNumber = "DESY-01-225",
    doi = "10.1007/s10052-002-1004-0",
    journal = "Eur. Phys. J. C",
    volume = "25",
    pages = "13--23",
    year = "2002"
}

@article{H1:2001jfb,
    author = "Adloff, C. and others",
    collaboration = "H1",
    title = "{Measurement of dijet electroproduction at small jet separation}",
    eprint = "hep-ex/0111006",
    archivePrefix = "arXiv",
    reportNumber = "DESY-01-178",
    doi = "10.1007/s100520100888",
    journal = "Eur. Phys. J. C",
    volume = "24",
    pages = "33--41",
    year = "2002"
}

@article{H1:2001dry,
    author = "Adloff, C. and others",
    collaboration = "H1",
    title = "{Search for excited neutrinos at HERA}",
    eprint = "hep-ex/0110037",
    archivePrefix = "arXiv",
    reportNumber = "DESY-01-145",
    doi = "10.1016/S0370-2693(01)01410-1",
    journal = "Phys. Lett. B",
    volume = "525",
    pages = "9--16",
    year = "2002"
}

@article{H1:2001ert,
    author = "Adloff, C. and others",
    collaboration = "H1",
    title = "{On the rise of the proton structure function F(2) towards low x}",
    eprint = "hep-ex/0108035",
    archivePrefix = "arXiv",
    reportNumber = "DESY-01-104",
    doi = "10.1016/S0370-2693(01)01074-7",
    journal = "Phys. Lett. B",
    volume = "520",
    pages = "183--190",
    year = "2001"
}

@article{H1:2001nez,
    author = "Adloff, C. and others",
    collaboration = "H1",
    title = "{Measurement of deeply virtual Compton scattering at HERA}",
    eprint = "hep-ex/0107005",
    archivePrefix = "arXiv",
    reportNumber = "DESY-01-093",
    doi = "10.1016/S0370-2693(01)00939-X",
    journal = "Phys. Lett. B",
    volume = "517",
    pages = "47--58",
    year = "2001"
}

@article{H1:2001wps,
    author = "Adloff, C. and others",
    collaboration = "H1",
    title = "{Measurement of D*+- meson production and F2(c) in deep inelastic scattering at HERA}",
    eprint = "hep-ex/0108039",
    archivePrefix = "arXiv",
    reportNumber = "DESY-01-100",
    doi = "10.1016/S0370-2693(02)01195-4",
    journal = "Phys. Lett. B",
    volume = "528",
    pages = "199--214",
    year = "2002"
}

@article{H1:2001zjz,
    author = "Adloff, C. and others",
    collaboration = "H1",
    title = "{D*+- meson production in deep inelastic diffractive interactions at HERA}",
    eprint = "hep-ex/0108047",
    archivePrefix = "arXiv",
    reportNumber = "DESY-01-105",
    doi = "10.1016/S0370-2693(01)01155-8",
    journal = "Phys. Lett. B",
    volume = "520",
    pages = "191--203",
    year = "2001"
}

@article{H1:2001ywy,
    author = "Adloff, C. and others",
    collaboration = "H1",
    title = "{Three Jet production in deep inelastic scattering at HERA}",
    eprint = "hep-ex/0106078",
    archivePrefix = "arXiv",
    reportNumber = "DESY-01-073",
    doi = "10.1016/S0370-2693(01)00805-X",
    journal = "Phys. Lett. B",
    volume = "515",
    pages = "17--29",
    year = "2001"
}

@article{H1:2001ezk,
    author = "Adloff, C. and others",
    collaboration = "H1",
    title = "{A Search for leptoquark bosons in e- p collisions at HERA}",
    eprint = "hep-ex/0107038",
    archivePrefix = "arXiv",
    reportNumber = "DESY-01-094",
    doi = "10.1016/S0370-2693(01)01262-X",
    journal = "Phys. Lett. B",
    volume = "523",
    pages = "234--242",
    year = "2001"
}

@article{H1:2001txh,
    author = "Adloff, C. and others",
    collaboration = "H1",
    title = "{Photoproduction with a leading proton at HERA}",
    eprint = "hep-ex/0106070",
    archivePrefix = "arXiv",
    reportNumber = "DESY-01-062",
    doi = "10.1016/S0550-3213(01)00544-2",
    journal = "Nucl. Phys. B",
    volume = "619",
    pages = "3--21",
    year = "2001"
}

@article{H1:2001evq,
    author = "Adloff, C. and others",
    collaboration = "H1",
    title = "{Searches at HERA for squarks in R-parity violating supersymmetry}",
    eprint = "hep-ex/0102050",
    archivePrefix = "arXiv",
    reportNumber = "DESY-01-021",
    doi = "10.1007/s100520100716",
    journal = "Eur. Phys. J. C",
    volume = "20",
    pages = "639--657",
    year = "2001"
}

@article{H1:2000olm,
    author = "Adloff, C. and others",
    collaboration = "H1",
    title = "{Measurement of neutral and charged current cross-sections in electron - proton collisions at high $Q^{2}$}",
    eprint = "hep-ex/0012052",
    archivePrefix = "arXiv",
    reportNumber = "DESY-00-187",
    doi = "10.1007/s100520100607",
    journal = "Eur. Phys. J. C",
    volume = "19",
    pages = "269--288",
    year = "2001"
}

@article{H1:2000muc,
    author = "Adloff, C. and others",
    collaboration = "H1",
    title = "{Deep inelastic inclusive e p scattering at low x and a determination of alpha(s)}",
    eprint = "hep-ex/0012053",
    archivePrefix = "arXiv",
    reportNumber = "DESY-00-181",
    doi = "10.1007/s100520100720",
    journal = "Eur. Phys. J. C",
    volume = "21",
    pages = "33--61",
    year = "2001"
}

@article{H1:2000bqr,
    author = "Adloff, C. and others",
    collaboration = "H1",
    title = "{Measurement and QCD analysis of jet cross-sections in deep inelastic positron - proton collisions at s**(1/2) of 300-GeV}",
    eprint = "hep-ex/0010054",
    archivePrefix = "arXiv",
    reportNumber = "DESY-00-145",
    doi = "10.1007/s100520100621",
    journal = "Eur. Phys. J. C",
    volume = "19",
    pages = "289--311",
    year = "2001"
}

@article{H1:2000ckl,
    author = "Adloff, C. and others",
    collaboration = "H1",
    title = "{Dijet production in charged and neutral current e+ p interactions at high Q**2}",
    eprint = "hep-ex/0010016",
    archivePrefix = "arXiv",
    reportNumber = "DESY-00-143",
    doi = "10.1007/s100520100622",
    journal = "Eur. Phys. J. C",
    volume = "19",
    pages = "429--440",
    year = "2001"
}

@article{H1:2000hya,
    author = "Adloff, C. and others",
    collaboration = "H1",
    title = "{A Search for excited fermions at HERA}",
    eprint = "hep-ex/0007035",
    archivePrefix = "arXiv",
    reportNumber = "DESY-00-102",
    doi = "10.1007/s100520000503",
    journal = "Eur. Phys. J. C",
    volume = "17",
    pages = "567--581",
    year = "2000"
}

@article{H1:2000aty,
    author = "Adloff, C. and others",
    collaboration = "H1",
    title = "{Inclusive photoproduction of neutral pions in the photon hemisphere at HERA}",
    eprint = "hep-ex/0006017",
    archivePrefix = "arXiv",
    reportNumber = "DESY-00-085",
    doi = "10.1007/s100520000526",
    journal = "Eur. Phys. J. C",
    volume = "18",
    pages = "293--302",
    year = "2000"
}

@article{H1:2000hps,
    author = "Adloff, C. and others",
    collaboration = "H1",
    title = "{Measurement of elastic electroproduction of phi mesons at HERA}",
    eprint = "hep-ex/0005010",
    archivePrefix = "arXiv",
    reportNumber = "DESY-00-070",
    doi = "10.1016/S0370-2693(00)00613-4",
    journal = "Phys. Lett. B",
    volume = "483",
    pages = "360--372",
    year = "2000"
}

@article{H1:2000nxm,
    author = "Adloff, C. and others",
    collaboration = "H1",
    title = "{Measurement of dijet cross-sections in photoproduction and photon structure}",
    eprint = "hep-ex/0003011",
    archivePrefix = "arXiv",
    reportNumber = "DESY-00-035",
    doi = "10.1016/S0370-2693(00)00576-1",
    journal = "Phys. Lett. B",
    volume = "483",
    pages = "36--48",
    year = "2000"
}

@article{H1:2000kis,
    author = "Adloff, C. and others",
    collaboration = "H1",
    title = "{Elastic photoproduction of J / psi and Upsilon mesons at HERA}",
    eprint = "hep-ex/0003020",
    archivePrefix = "arXiv",
    reportNumber = "DESY-00-037",
    doi = "10.1016/S0370-2693(00)00530-X",
    journal = "Phys. Lett. B",
    volume = "483",
    pages = "23--35",
    year = "2000"
}

@article{H1:2000bik,
    author = "Adloff, C. and others",
    collaboration = "H1",
    title = "{Search for compositeness, leptoquarks and large extra dimensions in $e q$ contact interactions at HERA}",
    eprint = "hep-ex/0003002",
    archivePrefix = "arXiv",
    reportNumber = "DESY-00-027",
    doi = "10.1016/S0370-2693(00)00332-4",
    journal = "Phys. Lett. B",
    volume = "479",
    pages = "358--370",
    year = "2000"
}

@article{H1:1999wfh,
    author = "Adloff, C. and others",
    collaboration = "H1",
    title = "{Investigation of power corrections to event shape variables measured in deep inelastic scattering}",
    eprint = "hep-ex/9912052",
    archivePrefix = "arXiv",
    reportNumber = "DESY-99-193",
    doi = "10.1007/s100520000344",
    journal = "Eur. Phys. J. C",
    volume = "14",
    pages = "255--269",
    year = "2000",
    note = "[Erratum: Eur.Phys.J.C 18, 417--419 (2000)]"
}

@article{H1:1999yes,
    author = "Adloff, C. and others",
    collaboration = "H1",
    title = "{Measurement of open beauty production at HERA}",
    eprint = "hep-ex/9909029",
    archivePrefix = "arXiv",
    reportNumber = "DESY-99-126",
    doi = "10.1016/S0370-2693(99)01099-0",
    journal = "Phys. Lett. B",
    volume = "467",
    pages = "156--164",
    year = "1999",
    note = "[Erratum: Phys.Lett.B 518, 331--332 (2001)]"
}

@article{H1:1999qgy,
    author = "Adloff, C. and others",
    collaboration = "H1",
    title = "{Measurement of neutral and charged current cross-sections in positron proton collisions at large momentum transfer}",
    eprint = "hep-ex/9908059",
    archivePrefix = "arXiv",
    reportNumber = "DESY-99-107",
    doi = "10.1007/s100520000316",
    journal = "Eur. Phys. J. C",
    volume = "13",
    pages = "609--639",
    year = "2000"
}

@article{H1:1999dbb,
    author = "Adloff, C. and others",
    collaboration = "H1",
    title = "{Measurements of transverse energy flow in deep inelastic scattering at HERA}",
    eprint = "hep-ex/9907027",
    archivePrefix = "arXiv",
    reportNumber = "DESY-99-091",
    doi = "10.1007/s100520000287",
    journal = "Eur. Phys. J. C",
    volume = "12",
    pages = "595--607",
    year = "2000"
}

@article{H1:1999iry,
    author = "Adloff, C. and others",
    collaboration = "H1",
    title = "{Forward pi0 meson production at HERA}",
    eprint = "hep-ex/9907030",
    archivePrefix = "arXiv",
    reportNumber = "DESY-99-094",
    doi = "10.1016/S0370-2693(99)00906-5",
    journal = "Phys. Lett. B",
    volume = "462",
    pages = "440--452",
    year = "1999"
}

@article{H1:1999dil,
    author = "Adloff, C. and others",
    collaboration = "H1",
    title = "{A Search for leptoquark bosons and lepton flavor violation in $e^{+} p$ collisions at HERA}",
    eprint = "hep-ex/9907002",
    archivePrefix = "arXiv",
    reportNumber = "DESY-99-081",
    doi = "10.1007/s100520050646",
    journal = "Eur. Phys. J. C",
    volume = "11",
    pages = "447--471",
    year = "1999",
    note = "[Erratum: Eur.Phys.J.C 14, 553--554 (2000)]"
}

@article{H1:1999ujo,
    author = "Adloff, C. and others",
    collaboration = "H1",
    title = "{Charmonium production in deep inelastic scattering at HERA}",
    eprint = "hep-ex/9903008",
    archivePrefix = "arXiv",
    reportNumber = "DESY-99-026",
    doi = "10.1007/s100520050762",
    journal = "Eur. Phys. J. C",
    volume = "10",
    pages = "373--393",
    year = "1999"
}

@article{H1:1999pji,
    author = "Adloff, C. and others",
    collaboration = "H1",
    title = "{Elastic electroproduction of rho mesons at HERA}",
    eprint = "hep-ex/9902019",
    archivePrefix = "arXiv",
    reportNumber = "DESY-99-010",
    doi = "10.1007/s100520050703",
    journal = "Eur. Phys. J. C",
    volume = "13",
    pages = "371--396",
    year = "2000"
}

@article{H1:1998csb,
    author = "Adloff, C. and others",
    collaboration = "H1",
    title = "{Measurement of D* meson cross-sections at HERA and determination of the gluon density in the proton using NLO QCD}",
    eprint = "hep-ex/9812023",
    archivePrefix = "arXiv",
    reportNumber = "DESY-98-204",
    doi = "10.1016/S0550-3213(99)00119-4",
    journal = "Nucl. Phys. B",
    volume = "545",
    pages = "21--44",
    year = "1999"
}

@article{H1:1998yqs,
    author = "Adloff, C. and others",
    collaboration = "H1",
    title = "{Measurement of dijet cross-sections at low Q**2 and the extraction of an effective parton density for the virtual photon}",
    eprint = "hep-ex/9812024",
    archivePrefix = "arXiv",
    reportNumber = "DESY-98-205",
    doi = "10.1007/s100520050704",
    journal = "Eur. Phys. J. C",
    volume = "13",
    pages = "397--414",
    year = "2000"
}

@article{H1:1998rpm,
    author = "Adloff, C. and others",
    collaboration = "H1",
    title = "{Measurement of internal jet structure in dijet production in deep inelastic scattering at HERA}",
    eprint = "hep-ex/9901010",
    archivePrefix = "arXiv",
    reportNumber = "DESY-98-210",
    doi = "10.1016/S0550-3213(99)00118-2",
    journal = "Nucl. Phys. B",
    volume = "545",
    pages = "3--20",
    year = "1999"
}

@article{H1:1998vul,
    author = "Adloff, C. and others",
    collaboration = "H1",
    title = "{Measurement of leading proton and neutron production in deep inelastic scattering at HERA}",
    eprint = "hep-ex/9811013",
    archivePrefix = "arXiv",
    reportNumber = "DESY-98-169",
    doi = "10.1007/s100529901072",
    journal = "Eur. Phys. J. C",
    volume = "6",
    pages = "587--602",
    year = "1999"
}

@Comment{jabref-meta: databaseType:bibtex;}
