% Encoding: ISO-8859-1

@techreport{hig-13-012,
  author = {{CMS Collaboration}},
  title         = {{S}earch for the standard model {H}iggs boson produced in association with {W} or {Z} bosons, and decaying to bottom quarks},
  number        = {CMS PAS HIG-13-012},
  year        = 2013,
  url           = {https://cds.cern.ch/record/1546801},
}

@techreport{hig-12-044,
  author = {{CMS Collaboration}},
  title = {{S}earch for the standard model {H}iggs boson produced in association with {W} or {Z} bosons, and decaying to bottom quarks},
  year = {2012},
  number = {CMS PAS HIG-12-044},
  collaboration = {CMS},
  timestamp = {2013.02.12},
  url = {http://cdsweb.cern.ch/record/1493618}
}

@TechReport{top-11-001,
  author           = {{CMS Collaboration}},
  title            = {{C}ombination of top pair production cross sections in $pp$ collisions at 7 {T}e{V} and comparisons with theory},
  year             = {2011},
  number           = {CMS PAS TOP-11-001},
  collaboration    = {CMS},
  modificationdate = {2023-02-06T08:54:45},
  timestamp        = {2013.02.12},
  url              = {http://cdsweb.cern.ch/record/1336491},
}

@TechReport{top-10-004,
  author           = {{CMS Collaboration}},
  title            = {{S}election of {T}op-{L}ike {E}vents in the {D}ilepton and {L}epton-plus-{J}ets {C}hannels in {E}arly 7 {T}e{V} {D}ata},
  year             = {2010},
  number           = {CMS PAS TOP-10-004},
  collaboration    = {CMS},
  modificationdate = {2023-02-06T08:55:17},
  timestamp        = {2013.02.12},
  url              = {http://cdsweb.cern.ch/record/1280706},
}

@TechReport{btv-09-001,
  author           = {{CMS Collaboration}},
  title            = {{A}lgorithms for b {J}et {I}dentification in {CMS}},
  year             = {2009},
  number           = {CMS PAS BTV-09-001},
  collaboration    = {CMS},
  modificationdate = {2023-02-06T08:56:01},
  timestamp        = {2013.02.12},
  url              = {http://cdsweb.cern.ch/record/1194494},
}

@TechReport{top-09-004,
  author           = {{CMS Collaboration}},
  title            = {{P}lans for an early {M}easurement of the $t\bar{t}$ {C}ross {S}ection in the {E}lectron-plus-{J}ets {C}hannel at $\sqrt{s} = 10$ {T}e{V}},
  year             = {2009},
  number           = {CMS PAS TOP-09-004},
  collaboration    = {CMS},
  modificationdate = {2023-02-06T08:56:15},
  timestamp        = {2013.02.12},
  url              = {http://cdsweb.cern.ch/record/1194520},
}

@TechReport{top-09-003,
  author           = {{CMS Collaboration}},
  title            = {{P}rospects for the first {M}easurement of the $t\bar{t}$ {C}ross {S}ection in the {M}uon-plus-{J}ets {C}hannel at $\sqrt{s}$ = 10 {T}e{V} with the {CMS} {D}etector},
  year             = {2009},
  number           = {CMS PAS TOP-09-003},
  collaboration    = {CMS},
  modificationdate = {2023-02-06T08:56:28},
  timestamp        = {2013.02.12},
  url              = {http://cdsweb.cern.ch/record/1194519},
}

@TechReport{top-08-005,
  author           = {{CMS Collaboration}},
  title            = {{O}bservability of {T}op {Q}uark {P}air {P}roduction in the {S}emileptonic {M}uon {C}hannel with the first 10/pb of {CMS} {D}ata},
  year             = {2008},
  number           = {CMS PAS TOP-08-005},
  collaboration    = {CMS},
  modificationdate = {2023-02-06T08:56:40},
  timestamp        = {2013.02.12},
  url              = {http://cdsweb.cern.ch/record/1198690},
}

@TechReport{top-08-002,
  author           = {{CMS Collaboration}},
  title            = {{M}easurement of the {T}op {Q}uark {P}air {P}roduction {C}ross {S}ection with {L}=100/pb in {D}ileptonic {F}inal {S}tates using the {CMS} {D}etector},
  year             = {2008},
  number           = {CMS PAS TOP-08-002},
  collaboration    = {CMS},
  modificationdate = {2023-02-06T08:58:55},
  timestamp        = {2013.02.12},
  url              = {http://cdsweb.cern.ch/record/1198688},
}

@TechReport{Lampen:2008zz,
  author           = {Lampen, T. and De Filippis, N. and Schilling, F.-P. and Schmidt, A. and Weber, M.},
  title            = {{C}omprehensive set of misalignment scenarios for the {CMS} tracker},
  year             = {2008},
  number           = {CMS Note 2008/029},
  modificationdate = {2023-02-06T09:00:26},
  timestamp        = {2013.02.12},
  url              = {http://cdsweb.cern.ch/record/1166326},
}

@TechReport{btv-07-003,
  author           = {{CMS Collaboration}},
  title            = {{I}mpact of {T}racker {M}isalignment on the {CMS} b-{T}agging {P}erformance},
  year             = {2008},
  number           = {CMS PAS BTV-07-003},
  collaboration    = {CMS},
  modificationdate = {2023-02-06T09:02:42},
  timestamp        = {2013.02.12},
  url              = {http://cdsweb.cern.ch/record/1198691},
}

@TechReport{cms-note-2007-006,
  author           = {{CMS Collaboration}},
  title            = {{CMS} {C}omputing, {S}oftware and {A}nalysis {C}hallenge in 2006 ({CSA}06) {S}ummary},
  year             = {2007},
  number           = {CMS Note 2007/006},
  collaboration    = {CMS},
  modificationdate = {2023-02-06T09:03:01},
  timestamp        = {2013.02.12},
  url              = {http://cdsweb.cern.ch/record/1027030},
}

@TechReport{Albrow:2006xt,
  author           = {Albrow, M. and others},
  title            = {{P}rospects for diffractive and forward physics at the {LHC}},
  year             = {2006},
  number           = {CERN LHCC 2006-039},
  modificationdate = {2023-02-06T09:05:53},
  timestamp        = {2013.02.12},
  url              = {http://cds.cern.ch/record/1005180},
  volume           = {CERN LHCC 2006-039},
}

@TechReport{Bayatian:2006zz,
  author           = {Bayatian, G. L. and others},
  title            = {{CMS} physics: {T}echnical design report, {V}ol. 1: {S}oftware and {D}etector {P}erformance},
  year             = {2006},
  number           = {CERN LHCC 2006-001},
  collaboration    = {CMS},
  modificationdate = {2023-02-06T09:04:09},
  timestamp        = {2013.02.12},
  url              = {http://cdsweb.cern.ch/record/922757},
}

@TechReport{Vanlaer:2006mx,
  author           = {Vanlaer, P. and others},
  title            = {{I}mpact of {CMS} silicon tracker misalignment on track and vertex reconstruction},
  year             = {2006},
  number           = {CMS Note 2006/029},
  collaboration    = {CMS},
  modificationdate = {2023-02-06T09:04:30},
  timestamp        = {2013.02.12},
  url              = {http://cdsweb.cern.ch/record/927378},
}

@TechReport{D'Hondt:2006bc,
  author           = {D'Hondt, J. and others},
  title            = {{F}itting of event topologies with external kinematic constraints in {CMS}},
  year             = {2006},
  number           = {CMS Note 2006/023},
  collaboration    = {CMS},
  modificationdate = {2023-02-06T09:04:45},
  timestamp        = {2013.02.12},
  url              = {http://cdsweb.cern.ch/record/926540},
}

@TechReport{Karimaki:2006az,
  author           = {Karimaki, V. and Lampen, T. and Schilling, F.-P.},
  title            = {{T}he {HIP} algorithm for track based alignment and its application to the {CMS} pixel detector},
  year             = {2006},
  number           = {CMS Note 2006/018},
  collaboration    = {CMS},
  modificationdate = {2023-02-06T09:05:00},
  timestamp        = {2013.02.12},
  url              = {http://cdsweb.cern.ch/record/926537},
}

@TechReport{H1prelim-04-111,
  author           = {{H1 Collaboration}},
  title            = {{Diffractive D* Meson Production in Deep Inelastic ep Collisions at HERA}},
  year             = {2004},
  number           = {Paper 6-0178 subm. to ICHEP 2004, Beijing, China},
  collaboration    = {H1},
  creationdate     = {2023-02-05T15:46:18},
  file             = {:files/H1prelim-04-111.pdf:PDF},
  modificationdate = {2023-02-06T19:03:08},
  owner            = {scik},
  url              = {http://www-h1.desy.de/h1/www/publications/htmlsplit/H1prelim-04-111.long.html},
}

@TechReport{H1prelim-04-113,
  author           = {{H1 Collaboration}},
  title            = {{Dijets in Diffractive Photoproduction and Deep-Inelastic Scattering at HERA}},
  year             = {2004},
  number           = {Paper 6-0177 subm. to ICHEP 2004, Beijing, China},
  collaboration    = {H1},
  creationdate     = {2023-02-05T15:46:18},
  file             = {:files/H1prelim-04-113.pdf:PDF},
  modificationdate = {2023-02-06T19:03:01},
  owner            = {scik},
  url              = {http://www-h1.desy.de/h1/www/publications/htmlsplit/H1prelim-04-113.long.html},
}

@TechReport{Alexopoulos:2003aa,
  author           = {Alexopoulos, T. and others},
  title            = {{Electron deuteron scattering with HERA, a letter of intent for an experimental programme with the H1 detector}},
  year             = {2003},
  number           = {DESY-03-194},
  creationdate     = {2023-02-05T15:49:17},
  file             = {:files/prc_03_02.pdf:PDF},
  modificationdate = {2023-02-05T15:49:17},
  owner            = {scik},
  school           = {{DESY}},
  url              = {http://inspirehep.net/record/636853},
}

@TechReport{H1prelim-03-011,
  author           = {{H1 Collaboration}},
  title            = {{Measurement of the Inclusive Cross Section for Diffractive Deep Inelastic Scattering at High Q2}},
  year             = {2004},
  number           = {Paper 6-0175 subm. to ICHEP 2004, Beijing, China},
  collaboration    = {H1},
  creationdate     = {2023-02-05T15:46:18},
  file             = {:files/H1prelim-03-011.pdf:PDF},
  modificationdate = {2023-02-06T19:03:59},
  owner            = {scik},
  url              = {http://www-h1.desy.de/h1/www/publications/htmlsplit/H1prelim-03-011.long.html},
}

@TechReport{H1prelim-03-015,
  author           = {{H1 Collaboration}},
  title            = {{Comparison at NLO between Predictions from QCD Fits to F2D and and Diffractive Final State Observables at HERA}},
  year             = {2003},
  number           = {Paper 113 subm. to EPS-HEP 2003, Aachen, Germany},
  collaboration    = {H1},
  creationdate     = {2023-02-05T15:46:18},
  file             = {:files/H1prelim-03-015.pdf:PDF},
  modificationdate = {2023-02-06T19:04:16},
  owner            = {scik},
  url              = {http://www-h1.desy.de/h1/www/publications/htmlsplit/H1prelim-03-015.long.html},
}

@TechReport{H1prelim-02-113,
  author           = {{H1 Collaboration}},
  title            = {{Dijets in Diffractive Photoproduction at HERA}},
  year             = {2003},
  number           = {Paper 087 subm. to EPS-HEP 2003, Aachen, Germany},
  collaboration    = {H1},
  creationdate     = {2023-02-05T15:46:18},
  file             = {:files/H1prelim-02-113.pdf:PDF},
  modificationdate = {2023-02-06T19:04:27},
  owner            = {scik},
  url              = {http://www-h1.desy.de/h1/www/publications/htmlsplit/H1prelim-02-113.long.html},
}

@TechReport{H1prelim-02-012,
  author           = {{H1 Collaboration}},
  title            = {{Measurement and NLO DGLAP QCD Interpretation of Diffractive Deep-Inelastic Scattering at HERA}},
  year             = {2002},
  number           = {Paper 980 subm. to ICHEP 2002, Amsterdam, The Netherlands},
  collaboration    = {H1},
  creationdate     = {2023-02-05T15:46:18},
  file             = {:files/H1prelim-02-012.pdf:PDF},
  modificationdate = {2023-02-06T19:04:38},
  owner            = {scik},
  url              = {http://www-h1.desy.de/h1/www/publications/htmlsplit/H1prelim-02-012.long.html},
}

@TechReport{H1prelim-02-112,
  author           = {{H1 Collaboration}},
  title            = {{Measurement of the Diffractive DIS Cross Section at low Q2}},
  year             = {2002},
  number           = {Paper 981 subm. to ICHEP 2002, Amsterdam, The Netherlands},
  collaboration    = {H1},
  creationdate     = {2023-02-05T15:46:18},
  file             = {:files/H1prelim-02-112.pdf:PDF},
  modificationdate = {2023-02-06T19:04:47},
  owner            = {scik},
  url              = {http://www-h1.desy.de/h1/www/publications/htmlsplit/H1prelim-02-112.long.html},
}

@TechReport{H1prelim-01-111,
  author           = {{H1 Collaboration}},
  title            = {{Measurement of the Diffractive Structure Function F2D(3)(beta,Q2,xpom) at HERA}},
  year             = {2001},
  number           = {Paper 808 subm. to EPS-HEP 2001, Budapest, Hungary and paper 500 subm. to Lepton-Photon 2001, Rome, Italy},
  collaboration    = {H1},
  creationdate     = {2023-02-05T15:46:18},
  file             = {:files/H1prelim-01-111.pdf:PDF},
  modificationdate = {2023-02-06T19:04:56},
  owner            = {scik},
  url              = {http://www-h1.desy.de/h1/www/publications/htmlsplit/H1prelim-01-111.long.html},
}

@TechReport{osaka00,
  author           = {{H1 Collaboration}},
  title            = {{Diffractive Jet-Production in Deep-Inelastic e+p Collisions at HERA}},
  year             = {2000},
  number           = {Paper 960 subm. to ICHEP 2000, Osaka, Japan},
  collaboration    = {H1},
  creationdate     = {2023-02-05T15:46:18},
  file             = {:files/osaka00.pdf:PDF},
  modificationdate = {2023-02-06T19:05:07},
  owner            = {scik},
  url              = {http://www-h1.desy.de/h1/www/publications/htmlsplit/H1prelim-00-014.long.html},
}

@TechReport{tampere99,
  author           = {{H1 Collaboration}},
  title            = {{Diffractive Dijet Electroproduction at HERA}},
  year             = {1999},
  number           = {Paper 157ae subm. to EPS-HEP 1999, Tampere, Finland},
  collaboration    = {H1},
  creationdate     = {2023-02-05T15:46:18},
  file             = {:files/tampere99.pdf:PDF},
  modificationdate = {2023-02-06T19:05:18},
  owner            = {scik},
  url              = {http://www-h1.desy.de/h1/www/psfiles/confpap/eps99/99-131-schilling-paper.ps},
}

@Comment{jabref-meta: databaseType:bibtex;}
