

@Article{Chatrchyan:2016mqq,
  author           = {Chatrchyan, Serguei and others},
  journal          = {Phys. Lett. B},
  title            = {{Measurement of the mass difference between top quark and antiquark in pp collisions at $\sqrt{s} = 8$ TeV}},
  year             = {2017},
  pages            = {50--71},
  volume           = {770},
  archiveprefix    = {arXiv},
  collaboration    = {CMS},
  creationdate     = {2023-01-28T18:10:22},
  doi              = {10.1016/j.physletb.2017.04.028},
  eprint           = {1610.09551},
  modificationdate = {2023-01-28T18:10:22},
  primaryclass     = {hep-ex},
  reportnumber     = {CMS-TOP-12-031, CERN-EP-2016-249},
}

@Article{higgsfermions,
  author           = {Chatrchyan, Serguei and others},
  journal          = {Nature Phys.},
  title            = {{Evidence for the direct decay of the 125 GeV Higgs boson to fermions}},
  year             = {2014},
  pages            = {557},
  volume           = {10},
  archiveprefix    = {arXiv},
  collaboration    = {CMS},
  creationdate     = {2023-01-28T18:10:22},
  doi              = {10.1038/nphys3005},
  eprint           = {1401.6527},
  file             = {:files/higgsfermions.pdf:PDF},
  modificationdate = {2023-01-28T18:10:22},
  primaryclass     = {hep-ex},
  reportnumber     = {CMS-HIG-13-033, CERN-PH-EP-2014-004},
  dimensions={true},
  abbr={Nature Phys.},
  bibtex_show={true},
}

@Article{hbbpaper,
  author           = {Chatrchyan, Serguei and others},
  journal          = {Phys. Rev.},
  title            = {{S}earch for the standard model {H}iggs boson produced in association with a {W} or a {Z} boson and decaying to bottom quarks},
  year             = {2014},
  pages            = {012003},
  volume           = {D89},
  archiveprefix    = {arXiv},
  collaboration    = {CMS},
  creationdate     = {2023-01-28T18:10:22},
  doi              = {10.1103/PhysRevD.89.012003},
  eprint           = {1310.3687},
  modificationdate = {2023-01-28T18:10:22},
  primaryclass     = {hep-ex},
  reportnumber     = {CMS-HIG-13-012, CERN-PH-EP-2013-188},
  timestamp        = {2013.09.17},
    dimensions={true},
	  abbr={Phys. Rev.},
  bibtex_show={true},
}

@Article{Chatrchyan:2013lba,
  author           = {Chatrchyan, Serguei and others},
  journal          = {JHEP},
  title            = {{Observation of a new boson with mass near 125 GeV in pp collisions at $\sqrt{s}$ = 7 and 8 TeV}},
  year             = {2013},
  pages            = {081},
  volume           = {1306},
  archiveprefix    = {arXiv},
  collaboration    = {CMS},
  creationdate     = {2023-01-28T18:10:22},
  doi              = {10.1007/JHEP06(2013)081},
  eprint           = {1303.4571},
  modificationdate = {2023-01-28T18:10:22},
  primaryclass     = {hep-ex},
  reportnumber     = {CMS-HIG-12-036, CERN-PH-EP-2013-035},
    dimensions={true},
	  abbr={JHEP},
  bibtex_show={true},
}

@Article{science-higgs,
  author           = {Chatrchyan, Serguei and others},
  journal          = {Science},
  title            = {{A New Boson with a Mass of 125 GeV Observed with the CMS Experiment at the Large Hadron Collider}},
  year             = {2012},
  pages            = {1569},
  volume           = {338},
  collaboration    = {CMS},
  creationdate     = {2023-01-28T18:10:22},
  doi              = {10.1126/science.1230816},
  file             = {:files/science-higgs.pdf:PDF},
  modificationdate = {2023-01-28T18:10:22},
  timestamp        = {2013.02.12},
    dimensions={true},
	  abbr={Science},
  bibtex_show={true},
}

@Article{:2012gu,
  author           = {Chatrchyan, Serguei and others},
  journal          = {Phys.Lett.},
  title            = {{Observation of a new boson at a mass of 125 GeV with the CMS experiment at the LHC}},
  year             = {2012},
  pages            = {30-61},
  volume           = {B716},
  archiveprefix    = {arXiv},
  collaboration    = {CMS},
  creationdate     = {2023-01-28T18:10:22},
  doi              = {10.1016/j.physletb.2012.08.021},
  eprint           = {1207.7235},
  modificationdate = {2023-01-28T18:10:22},
  primaryclass     = {hep-ex},
  reportnumber     = {CMS-HIG-12-028, CERN-PH-EP-2012-220},
  timestamp        = {2013.02.20},
    dimensions={true},
	  abbr={Phys. Lett.},
  bibtex_show={true},
}

@Article{topreview,
  author        = {Schilling, F.-P.},
  journal       = {Int. J. Mod. Phys.},
  title         = {{T}op {Q}uark {P}hysics at the {LHC}: {A} {R}eview of the {F}irst {T}wo {Y}ears},
  year          = {2012},
  number        = {17},
  pages         = {1230016},
  volume        = {A27},
  archiveprefix = {arXiv},
  doi           = {10.1142/s0217751x12300165},
  eprint        = {1206.4484},
  primaryclass  = {hep-ex},
  timestamp     = {2012.06.21},
    dimensions={true},
	  abbr={Int.J.Mod.Phys.},
  bibtex_show={true},
}

@Article{Chatrchyan:2012ep,
  author           = {Chatrchyan, Serguei and others},
  journal          = {JHEP},
  title            = {{Measurement of the single-top-quark $t$-channel cross section in $pp$ collisions at $\sqrt{s}=7$ TeV}},
  year             = {2012},
  pages            = {035},
  volume           = {1212},
  archiveprefix    = {arXiv},
  collaboration    = {CMS},
  creationdate     = {2023-01-28T18:10:22},
  doi              = {10.1007/JHEP12(2012)035},
  eprint           = {1209.4533},
  modificationdate = {2023-01-28T18:10:22},
  primaryclass     = {hep-ex},
  reportnumber     = {CMS-TOP-11-021, CERN-PH-EP-2012-274},
  timestamp        = {2012.11.30},
}

@Article{:2012xv,
  author           = {Chatrchyan, Serguei and others},
  journal          = {Phys.Lett.},
  title            = {{Inclusive and differential measurements of the $t \bar{t}$ charge asymmetry in proton-proton collisions at 7 TeV}},
  year             = {2012},
  pages            = {129-150},
  volume           = {B717},
  archiveprefix    = {arXiv},
  collaboration    = {CMS},
  creationdate     = {2023-01-28T18:10:22},
  doi              = {10.1016/j.physletb.2012.09.028},
  eprint           = {1207.0065},
  modificationdate = {2023-01-28T18:10:22},
  primaryclass     = {hep-ex},
  reportnumber     = {CMS-TOP-11-030, CERN-PH-EP-2012-175},
  timestamp        = {2012.11.30},
}

@Article{:2011hk,
  author           = {Chatrchyan, Serguei and others},
  journal          = {Phys.Lett.},
  title            = {{M}easurement of the charge asymmetry in top-quark pair production in proton-proton collisions at sqrt(s) = 7 {T}e{V}},
  year             = {2012},
  pages            = {28-49},
  volume           = {B709},
  archiveprefix    = {arXiv},
  collaboration    = {CMS},
  creationdate     = {2023-01-28T18:11:19},
  doi              = {10.1016/j.physletb.2012.01.078},
  eprint           = {1112.5100},
  modificationdate = {2023-01-28T18:11:19},
  primaryclass     = {hep-ex},
  reportnumber     = {CMS-TOP-11-014, CERN-PH-EP-2011-217},
  timestamp        = {2012.01.25},
}

@Article{Chatrchyan:2011yy,
  author           = {Chatrchyan, Serguei and others},
  journal          = {Phys.Rev.},
  title            = {{M}easurement of the $t\bar{t}$ {P}roduction {C}ross {S}ection in pp {C}ollisions at 7 {T}e{V} in {L}epton + {J}ets {E}vents {U}sing b-quark {J}et {I}dentification},
  year             = {2011},
  pages            = {092004},
  volume           = {D84},
  archiveprefix    = {arXiv},
  collaboration    = {CMS},
  creationdate     = {2023-01-28T18:11:19},
  doi              = {10.1103/PhysRevD.84.092004},
  eprint           = {1108.3773},
  modificationdate = {2023-01-28T18:11:19},
  primaryclass     = {hep-ex},
  timestamp        = {2011.09.28},
}

@Article{Chatrchyan:2011vp,
  author           = {Chatrchyan, Serguei and others},
  journal          = {Phys.Rev.Lett.},
  title            = {{M}easurement of the t-channel single top quark production cross section in pp collisions at sqrt(s) = 7 {T}e{V}},
  year             = {2011},
  pages            = {091802},
  volume           = {107},
  archiveprefix    = {arXiv},
  collaboration    = {CMS},
  creationdate     = {2023-01-28T18:11:19},
  doi              = {10.1103/PhysRevLett.107.091802},
  eprint           = {1106.3052},
  modificationdate = {2023-01-28T18:11:19},
  primaryclass     = {hep-ex},
}

@Article{Chatrchyan:2011nb,
  author           = {Chatrchyan, Serguei and others},
  journal          = {JHEP},
  title            = {{M}easurement of the t t-bar production cross section and the top quark mass in the dilepton channel in pp collisions at sqrt(s) =7 {T}e{V}},
  year             = {2011},
  pages            = {049},
  volume           = {07},
  archiveprefix    = {arXiv},
  collaboration    = {CMS},
  creationdate     = {2023-01-28T18:11:19},
  doi              = {10.1007/JHEP07(2011)049},
  eprint           = {1105.5661},
  modificationdate = {2023-01-28T18:11:19},
  primaryclass     = {hep-ex},
}

@Article{Chatrchyan:2011ew,
  author           = {Chatrchyan, Serguei and others},
  journal          = {Eur. Phys. J.},
  title            = {{M}easurement of the {T}op-antitop {P}roduction {C}ross {S}ection in pp {C}ollisions at sqrt(s)=7 {T}e{V} using the {K}inematic {P}roperties of {E}vents with {L}eptons and {J}ets},
  year             = {2011},
  pages            = {1721},
  volume           = {C71},
  archiveprefix    = {arXiv},
  collaboration    = {CMS},
  creationdate     = {2023-01-28T18:12:46},
  doi              = {10.1140/epjc/s10052-011-1721-3},
  eprint           = {1106.0902},
  file             = {:files/Chatrchyan_2011ew.pdf:PDF},
  modificationdate = {2023-01-28T18:12:46},
  primaryclass     = {hep-ex},
}

@Article{Khachatryan:2010ez,
  author           = {Khachatryan, V. and others},
  journal          = {Phys.Lett.},
  title            = {{F}irst {M}easurement of the {C}ross {S}ection for {T}op-{Q}uark {P}air {P}roduction in {P}roton-{P}roton {C}ollisions at $\sqrt{s}=7$ {T}e{V}},
  year             = {2011},
  pages            = {424-443},
  volume           = {B695},
  archiveprefix    = {arXiv},
  collaboration    = {CMS},
  creationdate     = {2023-01-28T18:13:12},
  doi              = {10.1016/j.physletb.2010.11.058},
  eprint           = {1010.5994},
  modificationdate = {2023-01-28T18:13:12},
  primaryclass     = {hep-ex},
}

@Article{Chatrchyan:2009sr,
  author           = {Chatrchyan, S and others},
  journal          = {JINST},
  title            = {{Alignment of the CMS Silicon Tracker during Commissioning with Cosmic Rays}},
  year             = {2010},
  pages            = {T03009},
  volume           = {5},
  archiveprefix    = {arXiv},
  collaboration    = {CMS},
  creationdate     = {2023-01-28T18:13:51},
  doi              = {10.1088/1748-0221/5/03/T03009},
  eprint           = {0910.2505},
  modificationdate = {2023-01-28T18:13:51},
  primaryclass     = {physics.ins-det},
  reportnumber     = {CMS-CFT-09-003},
}

@Article{tifalignment,
  author           = {Chatrchyan, S and others},
  journal          = {JINST},
  title            = {{A}lignment of the {CMS} {S}ilicon {S}trip {T}racker during standalone {C}ommissioning},
  year             = {2009},
  pages            = {T07001},
  volume           = {4},
  archiveprefix    = {arXiv},
  collaboration    = {CMS Tracker},
  creationdate     = {2023-01-28T18:13:51},
  doi              = {10.1088/1748-0221/4/07/T07001},
  eprint           = {0904.1220},
  modificationdate = {2023-01-28T18:13:51},
  primaryclass     = {physics.ins-det},
}

@Article{Adam:2008zza,
  author           = {Adam, W. and others},
  journal          = {JINST},
  title            = {{T}he {CMS} tracker operation and performance at the {M}agnet {T}est and {C}osmic {C}hallenge},
  year             = {2008},
  pages            = {P07006},
  volume           = {3},
  collaboration    = {CMS Tracker},
  creationdate     = {2023-01-28T18:13:51},
  doi              = {10.1088/1748-0221/3/07/P07006},
  modificationdate = {2023-01-28T18:13:51},
}

@Article{:2008zzk,
  author           = {Adolphi, R. and others},
  journal          = {JINST},
  title            = {{T}he {CMS} experiment at the {CERN} {LHC}},
  year             = {2008},
  pages            = {S08004},
  volume           = {3},
  collaboration    = {CMS},
  creationdate     = {2023-01-28T18:13:51},
  doi              = {10.1088/1748-0221/3/08/S08004},
  modificationdate = {2023-01-28T18:13:51},
  timestamp        = {2013.02.20},
}

@Article{Ball:2007zza2,
  author           = {Bayatian, G.L. and others},
  journal          = {J. Phys.},
  title            = {{CMS technical design report, volume II: Physics performance}},
  year             = {2007},
  pages            = {995-1579},
  volume           = {G34},
  collaboration    = {CMS},
  creationdate     = {2023-01-28T18:13:51},
  doi              = {10.1088/0954-3899/34/6/S01},
  modificationdate = {2023-01-28T18:13:51},
  timestamp        = {2013.02.20},
}

@Article{Karimaki:2006gh,
  author           = {Karimaki, V. and Lampen, T. and Schilling, F.-P.},
  journal          = {IEEE Trans. Nucl. Sci.},
  title            = {{T}rack-based alignment of composite detector structures},
  year             = {2006},
  pages            = {3830-3833},
  volume           = {53},
  creationdate     = {2023-01-28T18:13:51},
  doi              = {10.1109/TNS.2006.884384},
  file             = {:files/Karimaki_2006gh.pdf:PDF},
  modificationdate = {2023-01-28T18:13:51},
}

@Article{Aktas:2006hy,
  author           = {Aktas, A. and others},
  journal          = {Eur. Phys. J.},
  title            = {{Measurement and QCD analysis of the diffractive deep- inelastic scattering cross-section at HERA}},
  year             = {2006},
  pages            = {715-748},
  volume           = {C48},
  archiveprefix    = {arXiv},
  collaboration    = {H1},
  creationdate     = {2023-01-28T18:14:54},
  doi              = {10.1140/epjc/s10052-006-0035-3},
  eprint           = {hep-ex/0606004},
  file             = {:files/Aktas_2006hy.pdf:PDF},
  modificationdate = {2023-01-28T18:14:54},
}

@Article{Aktas:2006hx,
  author           = {Aktas, A. and others},
  journal          = {Eur. Phys. J.},
  title            = {{Diffractive deep-inelastic scattering with a leading proton at HERA}},
  year             = {2006},
  pages            = {749-766},
  volume           = {C48},
  archiveprefix    = {arXiv},
  collaboration    = {H1},
  creationdate     = {2023-01-28T18:15:05},
  doi              = {10.1140/epjc/s10052-006-0046-0},
  eprint           = {hep-ex/0606003},
  modificationdate = {2023-01-28T18:15:05},
  primaryclass     = {hep-ex},
  reportnumber     = {DESY-06-048},
  timestamp        = {2013.04.29},
}

@Article{Adloff:2003nr,
  author           = {Adloff, C. and others},
  journal          = {Eur. Phys. J.},
  title            = {{Measurement of inclusive jet cross-sections in photoproduction at HERA}},
  year             = {2003},
  pages            = {497-513},
  volume           = {C29},
  archiveprefix    = {arXiv},
  collaboration    = {H1},
  creationdate     = {2023-01-28T18:15:20},
  doi              = {10.1140/epjc/s2003-01262-9},
  eprint           = {hep-ex/0302034},
  modificationdate = {2023-01-28T18:15:20},
}

@Article{Aktas:2003zi,
  author           = {Aktas, A. and others},
  journal          = {Phys. Lett.},
  title            = {{Diffractive photoproduction of $J/\psi$ mesons with large momentum transfer at HERA}},
  year             = {2003},
  pages            = {205-218},
  volume           = {B568},
  archiveprefix    = {arXiv},
  collaboration    = {H1},
  creationdate     = {2023-01-28T18:15:56},
  doi              = {10.1016/j.physletb.2003.06.056},
  eprint           = {hep-ex/0306013},
  modificationdate = {2023-01-28T18:15:56},
}

@Article{Adloff:2002dw,
  author           = {Adloff, C. and others},
  journal          = {Phys. Lett.},
  title            = {{Search for odderon-induced contributions to exclusive pi0 photoproduction at HERA}},
  year             = {2002},
  pages            = {35-43},
  volume           = {B544},
  archiveprefix    = {arXiv},
  collaboration    = {H1},
  creationdate     = {2023-01-28T18:15:56},
  doi              = {10.1016/S0370-2693(02)02479-6},
  eprint           = {hep-ex/0206073},
  modificationdate = {2023-01-28T18:15:56},
}

@Article{Adloff:2002tb,
  author           = {Adloff, C. and others},
  journal          = {Phys. Lett.},
  title            = {{A measurement of the t dependence of the helicity structure of diffractive rho meson electroproduction at HERA}},
  year             = {2002},
  pages            = {25-39},
  volume           = {B539},
  archiveprefix    = {arXiv},
  collaboration    = {H1},
  creationdate     = {2023-01-28T18:15:56},
  doi              = {10.1016/S0370-2693(02)02035-X},
  eprint           = {hep-ex/0203022},
  modificationdate = {2023-01-28T18:15:56},
}

@Article{Adloff:2002em,
  author           = {Adloff, C. and others},
  journal          = {Eur. Phys. J.},
  title            = {{Energy flow and rapidity gaps between jets in photoproduction at HERA}},
  year             = {2002},
  pages            = {517-527},
  volume           = {C24},
  archiveprefix    = {arXiv},
  collaboration    = {H1},
  creationdate     = {2023-01-28T18:15:56},
  doi              = {10.1007/s10052-002-0988-9},
  eprint           = {hep-ex/0203011},
  modificationdate = {2023-01-28T18:15:56},
}

@Article{Adloff:2000qi,
  author           = {Adloff, C. and others},
  journal          = {Eur. Phys. J.},
  title            = {{Diffractive jet production in deep inelastic $e^{+} p$ collisions at HERA}},
  year             = {2001},
  pages            = {29-49},
  volume           = {C20},
  archiveprefix    = {arXiv},
  collaboration    = {H1},
  creationdate     = {2023-01-28T18:16:35},
  doi              = {10.1007/s100520100634},
  eprint           = {hep-ex/0012051},
  file             = {:files/Adloff_2000qi.pdf:PDF},
  modificationdate = {2023-01-28T18:16:35},
}

@Comment{jabref-meta: databaseType:bibtex;}
