@article{CMS:2014jjt,
    author = "Chatrchyan, Serguei and others",
    collaboration = "CMS",
    title = "{Measurement of Jet Fragmentation in PbPb and pp Collisions at $\sqrt{s_{NN}}= 2.76$ TeV}",
    eprint = "1406.0932",
    archivePrefix = "arXiv",
    primaryClass = "nucl-ex",
    reportNumber = "CMS-HIN-12-013, CERN-PH-EP-2014-100",
    doi = "10.1103/PhysRevC.90.024908",
    journal = "Phys. Rev. C",
    volume = "90",
    number = "2",
    pages = "024908",
    year = "2014"
}

@article{CMS:2014nvq,
    author = "Chatrchyan, Serguei and others",
    collaboration = "CMS",
    title = "{Measurement of the Ratio of Inclusive Jet Cross Sections using the Anti-$k_T$ Algorithm with Radius Parameters R=0.5 and 0.7 in pp Collisions at $\sqrt{s}=7$  TeV}",
    eprint = "1406.0324",
    archivePrefix = "arXiv",
    primaryClass = "hep-ex",
    reportNumber = "CMS-SMP-13-002, CERN-PH-EP-2014-068",
    doi = "10.1103/PhysRevD.90.072006",
    journal = "Phys. Rev. D",
    volume = "90",
    number = "7",
    pages = "072006",
    year = "2014"
}

@article{CMS:2014mvm,
    author = "Chatrchyan, Serguei and others",
    collaboration = "CMS",
    title = "{Measurement of differential cross sections for the production of a pair of isolated photons in pp collisions at $\sqrt{s}=7\,\text {TeV} $}",
    eprint = "1405.7225",
    archivePrefix = "arXiv",
    primaryClass = "hep-ex",
    reportNumber = "CMS-SMP-13-001, CERN-PH-EP-2014-067",
    doi = "10.1140/epjc/s10052-014-3129-3",
    journal = "Eur. Phys. J. C",
    volume = "74",
    number = "11",
    pages = "3129",
    year = "2014"
}

@article{CMS:2014pgm,
    author = "Chatrchyan, Serguei and others",
    collaboration = "CMS",
    title = "{Description and performance of track and primary-vertex reconstruction with the CMS tracker}",
    eprint = "1405.6569",
    archivePrefix = "arXiv",
    primaryClass = "physics.ins-det",
    reportNumber = "CMS-TRK-11-001, CERN-PH-EP-2014-070",
    doi = "10.1088/1748-0221/9/10/P10009",
    journal = "JINST",
    volume = "9",
    number = "10",
    pages = "P10009",
    year = "2014"
}

@article{CMS:2014rcs,
    author = "Chatrchyan, Serguei and others",
    collaboration = "CMS",
    title = "{Search for supersymmetry with razor variables in pp collisions at $\sqrt{s}$=7  TeV}",
    eprint = "1405.3961",
    archivePrefix = "arXiv",
    primaryClass = "hep-ex",
    reportNumber = "CMS-SUS-12-005, CERN-PH-EP-2014-057",
    doi = "10.1103/PhysRevD.90.112001",
    journal = "Phys. Rev. D",
    volume = "90",
    number = "11",
    pages = "112001",
    year = "2014"
}

@article{CMS:2014kix,
    author = "Chatrchyan, Serguei and others",
    collaboration = "CMS, TOTEM",
    title = "{Measurement of pseudorapidity distributions of charged particles in proton-proton collisions at $\sqrt{s}$ = 8 TeV by the CMS and TOTEM experiments}",
    eprint = "1405.0722",
    archivePrefix = "arXiv",
    primaryClass = "hep-ex",
    reportNumber = "CMS-FSQ-12-026, CERN-PH-EP-TOTEM-2014-002, CERN-PH-EP-2014-063",
    doi = "10.1140/epjc/s10052-014-3053-6",
    journal = "Eur. Phys. J. C",
    volume = "74",
    number = "10",
    pages = "3053",
    year = "2014"
}

@article{CMS:2014yeq,
    author = "Chatrchyan, Serguei and others",
    collaboration = "CMS",
    title = "{Search for anomalous production of events with three or more leptons in $pp$ collisions at $\sqrt{s} =$ 8 TeV}",
    eprint = "1404.5801",
    archivePrefix = "arXiv",
    primaryClass = "hep-ex",
    reportNumber = "CMS-SUS-13-002, CERN-PH-EP-2014-039",
    doi = "10.1103/PhysRevD.90.032006",
    journal = "Phys. Rev. D",
    volume = "90",
    pages = "032006",
    year = "2014"
}

@article{CMS:2014cdf,
    author = "Chatrchyan, Serguei and others",
    collaboration = "CMS",
    title = "{Search for $WW \gamma$ and $WZ \gamma$ production and constraints on anomalous quartic gauge couplings in $pp$ collisions at $\sqrt s =$ 8 TeV}",
    eprint = "1404.4619",
    archivePrefix = "arXiv",
    primaryClass = "hep-ex",
    reportNumber = "CMS-SMP-13-009, CERN-PH-EP-2014-046",
    doi = "10.1103/PhysRevD.90.032008",
    journal = "Phys. Rev. D",
    volume = "90",
    number = "3",
    pages = "032008",
    year = "2014"
}

@article{CMS:2014jya,
    author = "Chatrchyan, Serguei and others",
    collaboration = "CMS",
    title = "{Measurement of jet multiplicity distributions in $\mathrm {t}\overline{\mathrm {t}}$ production in pp collisions at $\sqrt{s} = 7\,\text {TeV} $}",
    eprint = "1404.3171",
    archivePrefix = "arXiv",
    primaryClass = "hep-ex",
    reportNumber = "CMS-TOP-12-018, CERN-PH-EP-2014-048",
    doi = "10.1140/epjc/s10052-014-3014-0",
    journal = "Eur. Phys. J. C",
    volume = "74",
    pages = "3014",
    year = "2015",
    note = "[Erratum: Eur.Phys.J.C 75, 216 (2015)]"
}

@article{CMS:2014gab,
    author = "Chatrchyan, Serguei and others",
    collaboration = "CMS",
    title = "{Search for invisible decays of Higgs bosons in the vector boson fusion and associated ZH production modes}",
    eprint = "1404.1344",
    archivePrefix = "arXiv",
    primaryClass = "hep-ex",
    reportNumber = "CMS-HIG-13-030, CERN-PH-EP-2014-051",
    doi = "10.1140/epjc/s10052-014-2980-6",
    journal = "Eur. Phys. J. C",
    volume = "74",
    pages = "2980",
    year = "2014"
}

@article{CMS:2014zmy,
    author = "Chatrchyan, Serguei and others",
    collaboration = "CMS",
    title = "{Measurement of WZ and ZZ production in pp collisions at $\sqrt{s} = 8\,\text {TeV} $ in final states with b-tagged jets}",
    eprint = "1403.3047",
    archivePrefix = "arXiv",
    primaryClass = "hep-ex",
    reportNumber = "CMS-SMP-13-011, CERN-PH-EP-2014-022",
    doi = "10.1140/epjc/s10052-014-2973-5",
    journal = "Eur. Phys. J. C",
    volume = "74",
    number = "8",
    pages = "2973",
    year = "2014"
}

@article{CMS:2014fny,
    author = "Chatrchyan, Serguei and others",
    collaboration = "CMS",
    title = "{Alignment of the CMS tracker with LHC and cosmic ray data}",
    eprint = "1403.2286",
    archivePrefix = "arXiv",
    primaryClass = "physics.ins-det",
    reportNumber = "CMS-TRK-11-002, CERN-PH-EP-2014-028",
    doi = "10.1088/1748-0221/9/06/P06009",
    journal = "JINST",
    volume = "9",
    pages = "P06009",
    year = "2014"
}

@article{CMS:2014tzs,
    author = "Chatrchyan, Serguei and others",
    collaboration = "CMS",
    title = "{Search for new physics in the multijet and missing transverse momentum final state in proton-proton collisions at $\sqrt{s}$= 8 TeV}",
    eprint = "1402.4770",
    archivePrefix = "arXiv",
    primaryClass = "hep-ex",
    reportNumber = "CMS-SUS-13-012, CERN-PH-EP-2014-015",
    doi = "10.1007/JHEP06(2014)055",
    journal = "JHEP",
    volume = "06",
    pages = "055",
    year = "2014"
}

@article{CMS:2014rdf,
    author = "Chatrchyan, Serguei and others",
    collaboration = "CMS",
    title = "{Measurements of the $t\bar{t}$ charge asymmetry using the dilepton decay channel in pp collisions at $\sqrt{s} =$ 7 TeV}",
    eprint = "1402.3803",
    archivePrefix = "arXiv",
    primaryClass = "hep-ex",
    reportNumber = "CMS-TOP-12-010, CERN-PH-EP-2014-010",
    doi = "10.1007/JHEP04(2014)191",
    journal = "JHEP",
    volume = "04",
    pages = "191",
    year = "2014"
}

@article{CMS:2014auq,
    author = "Chatrchyan, Serguei and others",
    collaboration = "CMS",
    title = "{Search for W' $\to $ tb decays in the lepton + jets final state in pp collisions at $\sqrt{s}$ = 8 TeV}",
    eprint = "1402.2176",
    archivePrefix = "arXiv",
    primaryClass = "hep-ex",
    reportNumber = "CMS-B2G-12-010, CERN-PH-EP-2014-011",
    doi = "10.1007/JHEP05(2014)108",
    journal = "JHEP",
    volume = "05",
    pages = "108",
    year = "2014"
}

@article{CMS:2014jqj,
    author = "Chatrchyan, Serguei and others",
    collaboration = "CMS",
    title = "{Measurement of the production cross sections for a Z boson and one or more b jets in pp collisions at sqrt(s) = 7 TeV}",
    eprint = "1402.1521",
    archivePrefix = "arXiv",
    primaryClass = "hep-ex",
    reportNumber = "CMS-SMP-13-004, CERN-PH-EP-2014-005",
    doi = "10.1007/JHEP06(2014)120",
    journal = "JHEP",
    volume = "06",
    pages = "120",
    year = "2014"
}

@article{CMS:2014pkt,
    author = "Chatrchyan, Serguei and others",
    collaboration = "CMS",
    title = "{Measurement of inclusive W and Z boson production cross sections in pp collisions at $\sqrt{s}$ = 8 TeV}",
    eprint = "1402.0923",
    archivePrefix = "arXiv",
    primaryClass = "hep-ex",
    reportNumber = "CMS-SMP-12-011, CERN-PH-EP-2013-217",
    doi = "10.1103/PhysRevLett.112.191802",
    journal = "Phys. Rev. Lett.",
    volume = "112",
    pages = "191802",
    year = "2014"
}

@article{CMS:2014rml,
    author = "Chatrchyan, Serguei and others",
    collaboration = "CMS",
    title = "{Determination of the Top-Quark Pole Mass and Strong Coupling Constant from the $t \bar{t}$ Production Cross Section in $pp$ Collisions at $\sqrt{s}$ = 7 TeV}",
    eprint = "1307.1907",
    archivePrefix = "arXiv",
    primaryClass = "hep-ex",
    reportNumber = "CMS-TOP-12-022, CERN-PH-EP-2013-121",
    doi = "10.1016/j.physletb.2013.12.009",
    journal = "Phys. Lett. B",
    volume = "728",
    pages = "496--517",
    year = "2014",
    note = "[Erratum: Phys.Lett.B 738, 526--528 (2014)]"
}

@article{CMS:2014wdm,
    author = "Chatrchyan, Serguei and others",
    collaboration = "CMS",
    title = "{Evidence for the 125 GeV Higgs boson decaying to a pair of $\tau$ leptons}",
    eprint = "1401.5041",
    archivePrefix = "arXiv",
    primaryClass = "hep-ex",
    reportNumber = "CMS-HIG-13-004, CERN-PH-EP-2014-001",
    doi = "10.1007/JHEP05(2014)104",
    journal = "JHEP",
    volume = "05",
    pages = "104",
    year = "2014"
}

@article{CMS:2014qvs,
    author = "Chatrchyan, Serguei and others",
    collaboration = "CMS",
    title = "{Studies of dijet transverse momentum balance and pseudorapidity distributions in pPb collisions at $\sqrt{s_{\mathrm{NN}}} = 5.02$ $\,\text {TeV}$}",
    eprint = "1401.4433",
    archivePrefix = "arXiv",
    primaryClass = "nucl-ex",
    reportNumber = "CMS-HIN-13-001, CERN-PH-EP-2013-236",
    doi = "10.1140/epjc/s10052-014-2951-y",
    journal = "Eur. Phys. J. C",
    volume = "74",
    number = "7",
    pages = "2951",
    year = "2014"
}

@article{CMS:2014fut,
    author = "Chatrchyan, Serguei and others",
    collaboration = "CMS",
    title = "{Observation of the associated production of a single top quark and a $W$ boson in $pp$ collisions at $\sqrt s = $8 TeV}",
    eprint = "1401.2942",
    archivePrefix = "arXiv",
    primaryClass = "hep-ex",
    reportNumber = "CMS-TOP-12-040, CERN-PH-EP-2013-237",
    doi = "10.1103/PhysRevLett.112.231802",
    journal = "Phys. Rev. Lett.",
    volume = "112",
    number = "23",
    pages = "231802",
    year = "2014"
}

@article{CMS:2013hon,
    author = "Chatrchyan, Serguei and others",
    collaboration = "CMS",
    title = "{Measurement of the $t \bar{t}$ production cross section in the dilepton channel in pp collisions at $\sqrt{s}$ = 8 TeV}",
    eprint = "1312.7582",
    archivePrefix = "arXiv",
    primaryClass = "hep-ex",
    reportNumber = "CMS-TOP-12-007, CERN-PH-EP-2013-234",
    doi = "10.1007/JHEP02(2014)024",
    journal = "JHEP",
    volume = "02",
    pages = "024",
    year = "2014",
    note = "[Erratum: JHEP 02, 102 (2014)]"
}

@article{CMS:2013xis,
    author = "Chatrchyan, Serguei and others",
    collaboration = "CMS",
    title = "{Measurement of the Production Cross Section for a W Boson and Two b Jets in pp Collisions at $\sqrt{s}$=7 TeV}",
    eprint = "1312.6608",
    archivePrefix = "arXiv",
    primaryClass = "hep-ex",
    reportNumber = "CMS-SMP-12-026, CERN-PH-EP-2013-223, CERN-PH-EP-2013-2223",
    doi = "10.1016/j.physletb.2014.06.041",
    journal = "Phys. Lett. B",
    volume = "735",
    pages = "204--225",
    year = "2014"
}

@article{CMS:2013slh,
    author = "Chatrchyan, Serguei and others",
    collaboration = "CMS",
    title = "{Measurement of Four-Jet Production in Proton-Proton Collisions at $\sqrt{s}=7$  TeV}",
    eprint = "1312.6440",
    archivePrefix = "arXiv",
    primaryClass = "hep-ex",
    reportNumber = "CMS-FSQ-12-013, CERN-PH-EP-2013-229",
    doi = "10.1103/PhysRevD.89.092010",
    journal = "Phys. Rev. D",
    volume = "89",
    number = "9",
    pages = "092010",
    year = "2014"
}

@article{CMS:2013pzl,
    author = "Chatrchyan, Serguei and others",
    collaboration = "CMS",
    title = "{Measurement of the Muon Charge Asymmetry in Inclusive $pp \to W+X$ Production at $\sqrt s =$ 7 TeV and an Improved Determination of Light Parton Distribution Functions}",
    eprint = "1312.6283",
    archivePrefix = "arXiv",
    primaryClass = "hep-ex",
    reportNumber = "CMS-SMP-12-021, CERN-PH-EP-2013-232",
    doi = "10.1103/PhysRevD.90.032004",
    journal = "Phys. Rev. D",
    volume = "90",
    number = "3",
    pages = "032004",
    year = "2014"
}

@article{CMS:2013jsu,
    author = "Chatrchyan, Serguei and others",
    collaboration = "CMS",
    title = "{Event Activity Dependence of Y(nS) Production in $\sqrt{s_{NN}}$=5.02 TeV pPb and $\sqrt{s}$=2.76 TeV pp Collisions}",
    eprint = "1312.6300",
    archivePrefix = "arXiv",
    primaryClass = "nucl-ex",
    reportNumber = "CMS-HIN-13-003, CERN-PH-EP-2013-219",
    doi = "10.1007/JHEP04(2014)103",
    journal = "JHEP",
    volume = "04",
    pages = "103",
    year = "2014"
}

@article{CMS:2013huw,
    author = "Chatrchyan, Serguei and others",
    collaboration = "CMS",
    title = "{Study of Double Parton Scattering Using W + 2-Jet Events in Proton-Proton Collisions at $\sqrt{s}$ = 7 TeV}",
    eprint = "1312.5729",
    archivePrefix = "arXiv",
    primaryClass = "hep-ex",
    reportNumber = "CMS-FSQ-12-028, CERN-PH-EP-2013-224",
    doi = "10.1007/JHEP03(2014)032",
    journal = "JHEP",
    volume = "03",
    pages = "032",
    year = "2014"
}

@article{CMS:2013fjq,
    author = "Chatrchyan, Serguei and others",
    collaboration = "CMS",
    title = "{Measurement of the Properties of a Higgs Boson in the Four-Lepton Final State}",
    eprint = "1312.5353",
    archivePrefix = "arXiv",
    primaryClass = "hep-ex",
    reportNumber = "CMS-HIG-13-002, CERN-PH-EP-2013-220",
    doi = "10.1103/PhysRevD.89.092007",
    journal = "Phys. Rev. D",
    volume = "89",
    number = "9",
    pages = "092007",
    year = "2014"
}

@article{CMS:2013knb,
    author = "Chatrchyan, Serguei and others",
    collaboration = "CMS",
    title = "{Search for Flavor-Changing Neutral Currents in Top-Quark Decays $t \to Zq$ in $pp$ Collisions at $\sqrt{s}=8$  TeV}",
    eprint = "1312.4194",
    archivePrefix = "arXiv",
    primaryClass = "hep-ex",
    reportNumber = "CMS-TOP-12-037, CERN-PH-EP-2013-208",
    doi = "10.1103/PhysRevLett.112.171802",
    journal = "Phys. Rev. Lett.",
    volume = "112",
    number = "17",
    pages = "171802",
    year = "2014"
}

@article{CMS:2013qak,
    author = "Chatrchyan, Serguei and others",
    collaboration = "CMS",
    title = "{Evidence of b-Jet Quenching in PbPb Collisions at $\sqrt{s_{NN}}=2.76$  TeV}",
    eprint = "1312.4198",
    archivePrefix = "arXiv",
    primaryClass = "nucl-ex",
    reportNumber = "CMS-HIN-12-003, CERN-PH-EP-2013-228",
    doi = "10.1103/PhysRevLett.113.132301",
    journal = "Phys. Rev. Lett.",
    volume = "113",
    number = "13",
    pages = "132301",
    year = "2014",
    note = "[Erratum: Phys.Rev.Lett. 115, 029903 (2015)]"
}

@article{CMS:2013mpz,
    author = "Chatrchyan, Serguei and others",
    collaboration = "CMS",
    title = "{Search for Top Squark and Higgsino Production using Diphoton Higgs Boson Decays}",
    eprint = "1312.3310",
    archivePrefix = "arXiv",
    primaryClass = "hep-ex",
    reportNumber = "CMS-SUS-13-014, CERN-PH-EP-2013-226",
    doi = "10.1103/PhysRevLett.112.161802",
    journal = "Phys. Rev. Lett.",
    volume = "112",
    pages = "161802",
    year = "2014"
}

@article{CMS:2013wkd,
    author = "Chatrchyan, Serguei and others",
    collaboration = "CMS",
    title = "{Search for Top-Quark Partners with Charge 5/3 in the Same-Sign Dilepton Final State}",
    eprint = "1312.2391",
    archivePrefix = "arXiv",
    primaryClass = "hep-ex",
    reportNumber = "CMS-B2G-12-012, CERN-PH-EP-2013-216",
    doi = "10.1103/PhysRevLett.112.171801",
    journal = "Phys. Rev. Lett.",
    volume = "112",
    number = "17",
    pages = "171801",
    year = "2014"
}

@article{CMS:2013bza,
    author = "Chatrchyan, Serguei and others",
    collaboration = "CMS",
    title = "{Studies of Azimuthal Dihadron Correlations in Ultra-Central PbPb Collisions at $\sqrt{s_{NN}} =$ 2.76 TeV}",
    eprint = "1312.1845",
    archivePrefix = "arXiv",
    primaryClass = "nucl-ex",
    reportNumber = "CMS-HIN-12-011, CERN-PH-EP-2013-214",
    doi = "10.1007/JHEP02(2014)088",
    journal = "JHEP",
    volume = "02",
    pages = "088",
    year = "2014"
}

@article{CMS:2013zmy,
    author = "Chatrchyan, Serguei and others",
    collaboration = "CMS",
    title = "{Measurement of Higgs Boson Production and Properties in the WW Decay Channel with Leptonic Final States}",
    eprint = "1312.1129",
    archivePrefix = "arXiv",
    primaryClass = "hep-ex",
    reportNumber = "CMS-HIG-13-023, CERN-PH-EP-2013-221",
    doi = "10.1007/JHEP01(2014)096",
    journal = "JHEP",
    volume = "01",
    pages = "096",
    year = "2014"
}

@article{CMS:2013hwy,
    author = "Chatrchyan, Serguei and others",
    collaboration = "CMS",
    title = "{Inclusive Search for a Vector-Like T Quark with Charge $\frac{2}{3}$ in pp Collisions at $\sqrt{s}$ = 8 TeV}",
    eprint = "1311.7667",
    archivePrefix = "arXiv",
    primaryClass = "hep-ex",
    reportNumber = "CMS-B2G-12-015, CERN-PH-EP-2013-215",
    doi = "10.1016/j.physletb.2014.01.006",
    journal = "Phys. Lett. B",
    volume = "729",
    pages = "149--171",
    year = "2014"
}

@article{CMS:2013xio,
    author = "Chatrchyan, Serguei and others",
    collaboration = "CMS",
    title = "{Search for New Physics in Events with Same-Sign Dileptons and Jets in pp Collisions at $\sqrt{s}$ = 8 TeV}",
    eprint = "1311.6736",
    archivePrefix = "arXiv",
    primaryClass = "hep-ex",
    reportNumber = "CERN-PH-EP-2013-213",
    doi = "10.1007/JHEP01(2014)163",
    journal = "JHEP",
    volume = "01",
    pages = "163",
    year = "2014",
    note = "[Erratum: JHEP 01, 014 (2015)]"
}

@article{CMS:2013myp,
    author = "Chatrchyan, Serguei and others",
    collaboration = "CMS",
    title = "{Measurement of the Triple-Differential Cross Section for Photon+Jets Production in Proton-Proton Collisions at $\sqrt{s}$=7 TeV}",
    eprint = "1311.6141",
    archivePrefix = "arXiv",
    primaryClass = "hep-ex",
    reportNumber = "CMS-QCD-11-005, CERN-PH-EP-2013-194",
    doi = "10.1007/JHEP06(2014)009",
    journal = "JHEP",
    volume = "06",
    pages = "009",
    year = "2014"
}

@article{CMS:2013cvx,
    author = "Chatrchyan, Serguei and others",
    collaboration = "CMS",
    title = "{Probing Color Coherence Effects in pp Collisions at $\sqrt{s}=7\,\text {TeV} $}",
    eprint = "1311.5815",
    archivePrefix = "arXiv",
    primaryClass = "hep-ex",
    reportNumber = "CMS-SMP-12-010, CERN-PH-EP-2013-200",
    doi = "10.1140/epjc/s10052-014-2901-8",
    journal = "Eur. Phys. J. C",
    volume = "74",
    number = "6",
    pages = "2901",
    year = "2014"
}

@article{CMS:2013tlq,
    author = "Chatrchyan, Serguei and others",
    collaboration = "CMS",
    title = "{Search for Pair Production of Excited Top Quarks in the Lepton + Jets Final State}",
    eprint = "1311.5357",
    archivePrefix = "arXiv",
    primaryClass = "hep-ex",
    reportNumber = "CMS-B2G-12-014, CERN-PH-EP-2013-206",
    doi = "10.1007/JHEP06(2014)125",
    journal = "JHEP",
    volume = "06",
    pages = "125",
    year = "2014"
}

@article{CMS:2013ncv,
    author = "Chatrchyan, Serguei and others",
    collaboration = "CMS",
    title = "{Search for Supersymmetry in pp Collisions at $\sqrt{s}$=8 TeV in Events with a Single Lepton, Large Jet Multiplicity, and Multiple b Jets}",
    eprint = "1311.4937",
    archivePrefix = "arXiv",
    primaryClass = "hep-ex",
    reportNumber = "CMS-SUS-13-007, CERN-PH-EP-2013-209",
    doi = "10.1016/j.physletb.2014.04.023",
    journal = "Phys. Lett. B",
    volume = "733",
    pages = "328--353",
    year = "2014"
}

@article{CMS:2013roq,
    author = "Chatrchyan, Serguei and others",
    collaboration = "CMS",
    title = "{Measurements of $t\bar{t}$ Spin Correlations and Top-Quark Polarization Using Dilepton Final States in $pp$ Collisions at $\sqrt{s}$ = 7 TeV}",
    eprint = "1311.3924",
    archivePrefix = "arXiv",
    primaryClass = "hep-ex",
    reportNumber = "CMS-TOP-13-003, CERN-PH-EP-2013-211",
    doi = "10.1103/PhysRevLett.112.182001",
    journal = "Phys. Rev. Lett.",
    volume = "112",
    number = "18",
    pages = "182001",
    year = "2014"
}

@article{CMS:2013yad,
    author = "Chatrchyan, Serguei and others",
    collaboration = "CMS",
    title = "{Searches for Light- and Heavy-Flavour Three-Jet Resonances in pp Collisions at $\sqrt{s} = 8$ TeV}",
    eprint = "1311.1799",
    archivePrefix = "arXiv",
    primaryClass = "hep-ex",
    reportNumber = "CMS-EXO-12-049, CERN-PH-EP-2013-204",
    doi = "10.1016/j.physletb.2014.01.049",
    journal = "Phys. Lett. B",
    volume = "730",
    pages = "193--214",
    year = "2014"
}

@article{CMS:2013wjq,
    author = "Chatrchyan, Serguei and others",
    collaboration = "CMS",
    title = "{Measurement of Higher-Order Harmonic Azimuthal Anisotropy in PbPb Collisions at $\sqrt{s_{NN}}$ = 2.76 TeV}",
    eprint = "1310.8651",
    archivePrefix = "arXiv",
    primaryClass = "nucl-ex",
    reportNumber = "CMS-HIN-11-005, CERN-PH-EP-2013-196",
    doi = "10.1103/PhysRevC.89.044906",
    journal = "Phys. Rev. C",
    volume = "89",
    number = "4",
    pages = "044906",
    year = "2014"
}

@article{CMS:2013zfg,
    author = "Chatrchyan, Serguei and others",
    collaboration = "CMS",
    title = "{Measurement of the Differential and Double-Differential Drell-Yan Cross Sections in Proton-Proton Collisions at $\sqrt{s} =$ 7 TeV}",
    eprint = "1310.7291",
    archivePrefix = "arXiv",
    primaryClass = "hep-ex",
    reportNumber = "CMS-SMP-13-003, CERN-PH-EP-2013-168",
    doi = "10.1007/JHEP12(2013)030",
    journal = "JHEP",
    volume = "12",
    pages = "030",
    year = "2013"
}

@article{CMS:2013ycn,
    author = "Chatrchyan, Serguei and others",
    collaboration = "CMS",
    title = "{Jet and Underlying Event Properties as a Function of Charged-Particle Multiplicity in Proton\textendash{}Proton Collisions at $\sqrt{s}$ = 7 TeV}",
    eprint = "1310.4554",
    archivePrefix = "arXiv",
    primaryClass = "hep-ex",
    reportNumber = "CMS-FSQ-12-022, CERN-PH-EP-2013-195",
    doi = "10.1140/epjc/s10052-013-2674-5",
    journal = "Eur. Phys. J. C",
    volume = "73",
    number = "12",
    pages = "2674",
    year = "2013"
}

@article{CMS:2013jnr,
    author = "Chatrchyan, Serguei and others",
    collaboration = "CMS",
    title = "{Rapidity Distributions in Exclusive Z + Jet and $\gamma$ + Jet Events in $pp$ Collisions at $\sqrt{s}$ = 7 TeV}",
    eprint = "1310.3082",
    archivePrefix = "arXiv",
    primaryClass = "hep-ex",
    reportNumber = "CMS-SMP-12-004, CERN-PH-EP-2013-169",
    doi = "10.1103/PhysRevD.88.112009",
    journal = "Phys. Rev. D",
    volume = "88",
    number = "11",
    pages = "112009",
    year = "2013"
}

@article{CMS:2013zol,
    author = "Chatrchyan, Serguei and others",
    collaboration = "CMS",
    title = "{Search for Baryon Number Violation in Top-Quark Decays}",
    eprint = "1310.1618",
    archivePrefix = "arXiv",
    primaryClass = "hep-ex",
    reportNumber = "CMS-B2G-12-023, CERN-PH-EP-2013-179",
    doi = "10.1016/j.physletb.2014.02.033",
    journal = "Phys. Lett. B",
    volume = "731",
    pages = "173--196",
    year = "2014"
}

@article{CMS:2013xck,
    author = "Chatrchyan, Serguei and others",
    collaboration = "CMS",
    title = "{Measurement of the Cross Section and Angular Correlations for Associated Production of a Z Boson with b Hadrons in pp Collisions at $\sqrt{s} =$ 7 TeV}",
    eprint = "1310.1349",
    archivePrefix = "arXiv",
    primaryClass = "hep-ex",
    reportNumber = "CMS-EWK-11-015, CERN-PH-EP-2013-153",
    doi = "10.1007/JHEP12(2013)039",
    journal = "JHEP",
    volume = "12",
    pages = "039",
    year = "2013"
}

@article{CMS:2013wql,
    author = "Chatrchyan, Serguei and others",
    collaboration = "CMS",
    title = "{Measurement of Associated W + Charm Production in pp Collisions at $\sqrt{s}$ = 7 TeV}",
    eprint = "1310.1138",
    archivePrefix = "arXiv",
    primaryClass = "hep-ex",
    reportNumber = "CMS-SMP-12-002, CERN-PH-EP-2013-149",
    doi = "10.1007/JHEP02(2014)013",
    journal = "JHEP",
    volume = "02",
    pages = "013",
    year = "2014"
}

@article{CMS:2013lhm,
    author = "Chatrchyan, Serguei and others",
    collaboration = "CMS",
    title = "{Modification of Jet Shapes in PbPb Collisions at $\sqrt {s_{NN}} = 2.76$ TeV}",
    eprint = "1310.0878",
    archivePrefix = "arXiv",
    primaryClass = "nucl-ex",
    reportNumber = "CERN-PH-EP-2013-189, CMS-HIN-12-002",
    doi = "10.1016/j.physletb.2014.01.042",
    journal = "Phys. Lett. B",
    volume = "730",
    pages = "243--263",
    year = "2014"
}

@article{CMS:2013jru,
    author = "Chatrchyan, Serguei and others",
    collaboration = "CMS",
    title = "{Observation of a Peaking Structure in the $J/\psi \phi$ Mass Spectrum from $B^{\pm} \to J/\psi \phi K^{\pm}$ Decays}",
    eprint = "1309.6920",
    archivePrefix = "arXiv",
    primaryClass = "hep-ex",
    reportNumber = "CMS-BPH-11-026, CERN-PH-EP-2013-167",
    doi = "10.1016/j.physletb.2014.05.055",
    journal = "Phys. Lett. B",
    volume = "734",
    pages = "261--281",
    year = "2014"
}

@article{CMS:2013owd,
    author = "Chatrchyan, Serguei and others",
    collaboration = "CMS",
    title = "{Searches for New Physics using the $t\bar{t}$ Invariant Mass Distribution in pp Collisions at $\sqrt{s}$=8  TeV}",
    eprint = "1309.2030",
    archivePrefix = "arXiv",
    primaryClass = "hep-ex",
    reportNumber = "CMS-B2G-13-001, CERN-PH-EP-2013-162",
    doi = "10.1103/PhysRevLett.111.211804",
    journal = "Phys. Rev. Lett.",
    volume = "111",
    number = "21",
    pages = "211804",
    year = "2013",
    note = "[Erratum: Phys.Rev.Lett. 112, 119903 (2014)]"
}

@article{CMS:2013yrt,
    author = "Chatrchyan, Serguei and others",
    collaboration = "CMS",
    title = "{Measurement of the Production Cross Section for $Z\gamma \to \nu\bar{\nu}\gamma$ in pp Collisions at $\sqrt{s} =$ 7 TeV and Limits on $ZZ\gamma$ and $Z\gamma\gamma$ Triple Gauge Boson Couplings}",
    eprint = "1309.1117",
    archivePrefix = "arXiv",
    primaryClass = "hep-ex",
    reportNumber = "CMS-SMP-12-020, CERN-PH-EP-2013-098",
    doi = "10.1007/JHEP10(2013)164",
    journal = "JHEP",
    volume = "10",
    pages = "164",
    year = "2013"
}

@article{CMS:2013ygz,
    author = "Chatrchyan, Serguei and others",
    collaboration = "CMS",
    title = "{Search for a New Bottomonium State Decaying to $\Upsilon(1S)\pi^+\pi^-$ in pp Collisions at $\sqrt{s}$ = 8 TeV}",
    eprint = "1309.0250",
    archivePrefix = "arXiv",
    primaryClass = "hep-ex",
    reportNumber = "CMS-BPH-11-016, CERN-PH-EP-2013-157",
    doi = "10.1016/j.physletb.2013.10.016",
    journal = "Phys. Lett. B",
    volume = "727",
    pages = "57--76",
    year = "2013"
}

@article{CMS:2013ryd,
    author = "Chatrchyan, Serguei and others",
    collaboration = "CMS",
    title = "{Measurement of the $W\gamma$ and $Z\gamma$ Inclusive Cross Sections in $pp$ Collisions at $\sqrt s=7$  TeV and Limits on Anomalous Triple Gauge Boson Couplings}",
    eprint = "1308.6832",
    archivePrefix = "arXiv",
    primaryClass = "hep-ex",
    reportNumber = "CMS-EWK-11-009, CERN-PH-EP-2013-108",
    doi = "10.1103/PhysRevD.89.092005",
    journal = "Phys. Rev. D",
    volume = "89",
    number = "9",
    pages = "092005",
    year = "2014"
}

@article{CMS:2013xxb,
    author = "Chatrchyan, Serguei and others",
    collaboration = "CMS",
    title = "{Measurement of the W-Boson Helicity in Top-Quark decays from $t\bar{t}$ Production in Lepton + Jets Events in pp Collisions at $\sqrt{s} =$ 7 TeV}",
    eprint = "1308.3879",
    archivePrefix = "arXiv",
    primaryClass = "hep-ex",
    reportNumber = "CMS-TOP-11-020, CERN-PH-EP-2013-133",
    doi = "10.1007/JHEP10(2013)167",
    journal = "JHEP",
    volume = "10",
    pages = "167",
    year = "2013"
}

@article{CMS:2013mkz,
    author = "Chatrchyan, Serguei and others",
    collaboration = "CMS",
    title = "{Angular Analysis and Branching Fraction Measurement of the Decay $B^0 \to K^{*0} \mu^+\mu^-$}",
    eprint = "1308.3409",
    archivePrefix = "arXiv",
    primaryClass = "hep-ex",
    reportNumber = "CMS-BPH-11-009, CERN-PH-EP-2013-152",
    doi = "10.1016/j.physletb.2013.10.017",
    journal = "Phys. Lett. B",
    volume = "727",
    pages = "77--100",
    year = "2013"
}

@article{CMS:2013phu,
    author = "Chatrchyan, Serguei and others",
    collaboration = "CMS",
    title = "{Search for Top-Squark Pair Production in the Single-Lepton Final State in pp Collisions at $\sqrt{s}$ = 8 TeV}",
    eprint = "1308.1586",
    archivePrefix = "arXiv",
    primaryClass = "hep-ex",
    reportNumber = "CMS-SUS-13-011, CERN-PH-EP-2013-148",
    doi = "10.1140/epjc/s10052-013-2677-2",
    journal = "Eur. Phys. J. C",
    volume = "73",
    number = "12",
    pages = "2677",
    year = "2013"
}

@article{CMS:2013gbz,
    author = "Chatrchyan, Serguei and others",
    collaboration = "CMS",
    title = "{Measurement of the Prompt $J/\psi$ and $\psi$(2S) Polarizations in $pp$ Collisions at $\sqrt{s}$ = 7 TeV}",
    eprint = "1307.6070",
    archivePrefix = "arXiv",
    primaryClass = "hep-ex",
    reportNumber = "CMS-BPH-13-003, CERN-PH-EP-2013-140",
    doi = "10.1016/j.physletb.2013.10.055",
    journal = "Phys. Lett. B",
    volume = "727",
    pages = "381--402",
    year = "2013"
}

@article{CMS:2013rmy,
    author = "Chatrchyan, Serguei and others",
    collaboration = "CMS",
    title = "{Search for a Higgs Boson Decaying into a Z and a Photon in $pp$ Collisions at $\sqrt{s}$ = 7 and 8 TeV}",
    eprint = "1307.5515",
    archivePrefix = "arXiv",
    primaryClass = "hep-ex",
    reportNumber = "CMS-HIG-13-006, CERN-PH-EP-2013-113",
    doi = "10.1016/j.physletb.2013.09.057",
    journal = "Phys. Lett. B",
    volume = "726",
    pages = "587--609",
    year = "2013"
}

@article{CMS:2013dcn,
    author = "Chatrchyan, Serguei and others",
    collaboration = "CMS",
    title = "{Measurement of the $B^0_s \to \mu^+ \mu^-$ Branching Fraction and Search for $B^0 \to \mu^+ \mu^-$ with the CMS Experiment}",
    eprint = "1307.5025",
    archivePrefix = "arXiv",
    primaryClass = "hep-ex",
    reportNumber = "CMS-BPH-13-004, CERN-PH-EP-2013-129",
    doi = "10.1103/PhysRevLett.111.101804",
    journal = "Phys. Rev. Lett.",
    volume = "111",
    pages = "101804",
    year = "2013"
}

@article{CMS:2013lqq,
    author = "Chatrchyan, Serguei and others",
    collaboration = "CMS",
    title = "{Measurement of the Top-Quark Mass in All-Jets $t\bar{t}$ Events in $pp$ Collisions at $\sqrt{s}$=7 TeV}",
    eprint = "1307.4617",
    archivePrefix = "arXiv",
    primaryClass = "hep-ex",
    reportNumber = "CMS-TOP-11-017, CERN-PH-EP-2013-124",
    doi = "10.1140/epjc/s10052-014-2758-x",
    journal = "Eur. Phys. J. C",
    volume = "74",
    number = "4",
    pages = "2758",
    year = "2014"
}

@article{CMS:2013pdl,
    author = "Chatrchyan, Serguei and others",
    collaboration = "CMS",
    title = "{Study of the Production of Charged Pions, Kaons, and Protons in pPb Collisions at $\sqrt{s_{NN}} =\  $ 5.02 $\,\text {TeV}$}",
    eprint = "1307.3442",
    archivePrefix = "arXiv",
    primaryClass = "hep-ex",
    reportNumber = "CMS-HIN-12-016, CERN-PH-EP-2013-096",
    doi = "10.1140/epjc/s10052-014-2847-x",
    journal = "Eur. Phys. J. C",
    volume = "74",
    number = "6",
    pages = "2847",
    year = "2014"
}

@article{CMS:2013vyz,
    author = "Chatrchyan, Serguei and others",
    collaboration = "CMS",
    title = "{The Performance of the CMS Muon Detector in Proton-Proton Collisions at $\sqrt{s}$ = 7 TeV at the LHC}",
    eprint = "1306.6905",
    archivePrefix = "arXiv",
    primaryClass = "physics.ins-det",
    reportNumber = "CMS-MUO-11-001, CERN-PH-EP-2013-072",
    doi = "10.1088/1748-0221/8/11/P11002",
    journal = "JINST",
    volume = "8",
    pages = "P11002",
    year = "2013"
}

@article{CMS:2013pkf,
    author = "Chatrchyan, Serguei and others",
    collaboration = "CMS",
    title = "{Search for Top Squarks in $R$-Parity-Violating Supersymmetry using Three or More Leptons and B-Tagged Jets}",
    eprint = "1306.6643",
    archivePrefix = "arXiv",
    primaryClass = "hep-ex",
    reportNumber = "CMS-SUS-13-003, CERN-PH-EP-2013-093",
    doi = "10.1103/PhysRevLett.111.221801",
    journal = "Phys. Rev. Lett.",
    volume = "111",
    number = "22",
    pages = "221801",
    year = "2013"
}

@article{CMS:2013lxn,
    author = "Chatrchyan, Serguei and others",
    collaboration = "CMS",
    title = "{Energy Calibration and Resolution of the CMS Electromagnetic Calorimeter in $pp$ Collisions at $\sqrt{s} = 7$ TeV}",
    eprint = "1306.2016",
    archivePrefix = "arXiv",
    primaryClass = "hep-ex",
    reportNumber = "CMS-EGM-11-001, CERN-PH-EP-2013-097",
    doi = "10.1088/1748-0221/8/09/P09009",
    journal = "JINST",
    volume = "8",
    pages = "P09009",
    year = "2013"
}

@article{CMS:2013ant,
    author = "Chatrchyan, Serguei and others",
    collaboration = "CMS",
    title = "{Measurement of the $W^+W^-$ Cross Section in $pp$ Collisions at $\sqrt{s} = 7$ TeV and Limits on Anomalous $WW\gamma$ and $WWZ$ Couplings}",
    eprint = "1306.1126",
    archivePrefix = "arXiv",
    primaryClass = "hep-ex",
    reportNumber = "CMS-SMP-12-005, CERN-PH-EP-2013-075",
    doi = "10.1140/epjc/s10052-013-2610-8",
    journal = "Eur. Phys. J. C",
    volume = "73",
    number = "10",
    pages = "2610",
    year = "2013"
}

@article{CMS:2013fqx,
    author = "Chatrchyan, Serguei and others",
    collaboration = "CMS",
    title = "{Measurement of the Hadronic Activity in Events with a Z and Two Jets and Extraction of the Cross Section for the Electroweak Production of a Z with Two Jets in $pp$ Collisions at $\sqrt{s}$ = 7 TeV}",
    eprint = "1305.7389",
    archivePrefix = "arXiv",
    primaryClass = "hep-ex",
    reportNumber = "CMS-FSQ-12-019, CERN-PH-EP-2013-060",
    doi = "10.1007/JHEP10(2013)062",
    journal = "JHEP",
    volume = "10",
    pages = "062",
    year = "2013"
}

@article{CMS:2013zgf,
    author = "Chatrchyan, Serguei and others",
    collaboration = "CMS",
    title = "{Measurement of Neutral Strange Particle Production in the Underlying Event in Proton-Proton Collisions at $\sqrt{s}$ = 7 TeV}",
    eprint = "1305.6016",
    archivePrefix = "arXiv",
    primaryClass = "hep-ex",
    reportNumber = "CMS-QCD-11-010, CERN-PH-EP-2013-086",
    doi = "10.1103/PhysRevD.88.052001",
    journal = "Phys. Rev. D",
    volume = "88",
    pages = "052001",
    year = "2013"
}

@article{CMS:2013hdf,
    author = "Chatrchyan, Serguei and others",
    collaboration = "CMS",
    title = "{Study of Exclusive Two-Photon Production of $W^+W^-$ in $pp$ Collisions at $\sqrt{s} = 7$ TeV and Constraints on Anomalous Quartic Gauge Couplings}",
    eprint = "1305.5596",
    archivePrefix = "arXiv",
    primaryClass = "hep-ex",
    reportNumber = "CMS-FSQ-12-010, CERN-PH-EP-2013-084",
    doi = "10.1007/JHEP07(2013)116",
    journal = "JHEP",
    volume = "07",
    pages = "116",
    year = "2013"
}

@article{CMS:2013odg,
    author = "Chatrchyan, Serguei and others",
    collaboration = "CMS",
    title = "{Search for Gluino Mediated Bottom- and Top-Squark Production in Multijet Final States in $pp$ Collisions at 8 TeV}",
    eprint = "1305.2390",
    archivePrefix = "arXiv",
    primaryClass = "hep-ex",
    reportNumber = "CMS-SUS-12-024, CERN-PH-EP-2013-076",
    doi = "10.1016/j.physletb.2013.06.058",
    journal = "Phys. Lett. B",
    volume = "725",
    pages = "243--270",
    year = "2013"
}

@article{CMS:2013czn,
    author = "Chatrchyan, Serguei and others",
    collaboration = "CMS",
    title = "{Searches for Long-Lived Charged Particles in $pp$ Collisions at $\sqrt{s}$=7 and 8 TeV}",
    eprint = "1305.0491",
    archivePrefix = "arXiv",
    primaryClass = "hep-ex",
    reportNumber = "CMS-EXO-12-026, CERN-PH-EP-2013-073",
    doi = "10.1007/JHEP07(2013)122",
    journal = "JHEP",
    volume = "07",
    pages = "122",
    year = "2013",
    note = "[Erratum: JHEP 11, 149 (2022)]"
}

@article{CMS:2013jlh,
    author = "Chatrchyan, Serguei and others",
    collaboration = "CMS",
    title = "{Multiplicity and Transverse Momentum Dependence of Two- and Four-Particle Correlations in pPb and PbPb Collisions}",
    eprint = "1305.0609",
    archivePrefix = "arXiv",
    primaryClass = "nucl-ex",
    reportNumber = "CMS-HIN-13-002, CERN-PH-EP-2013-077",
    doi = "10.1016/j.physletb.2013.06.028",
    journal = "Phys. Lett. B",
    volume = "724",
    pages = "213--240",
    year = "2013"
}

@article{CMS:2013bcs,
    author = "Chatrchyan, Serguei and others",
    collaboration = "CMS",
    title = "{Measurement of the $\Lambda_{b}^0$ Lifetime in pp Collisions at $\sqrt{s} = 7$ TeV}",
    eprint = "1304.7495",
    archivePrefix = "arXiv",
    primaryClass = "hep-ex",
    reportNumber = "CMS-BPH-11-013, CERN-PH-EP-2013-065",
    doi = "10.1007/JHEP07(2013)163",
    journal = "JHEP",
    volume = "07",
    pages = "163",
    year = "2013"
}

@article{CMS:2013vbb,
    author = "Chatrchyan, Serguei and others",
    collaboration = "CMS",
    title = "{Measurement of the Ratio of the Inclusive 3-Jet Cross Section to the Inclusive 2-Jet Cross Section in pp Collisions at $\sqrt{s}$ = 7 TeV and First Determination of the Strong Coupling Constant in the TeV Range}",
    eprint = "1304.7498",
    archivePrefix = "arXiv",
    primaryClass = "hep-ex",
    reportNumber = "CMS-QCD-11-003, CERN-PH-EP-2013-057",
    doi = "10.1140/epjc/s10052-013-2604-6",
    journal = "Eur. Phys. J. C",
    volume = "73",
    number = "10",
    pages = "2604",
    year = "2013"
}

@article{CMS:2013wbt,
    author = "Chatrchyan, Serguei and others",
    collaboration = "CMS",
    title = "{Measurement of Masses in the $t \bar{t}$ System by Kinematic Endpoints in pp Collisions at $\sqrt{s}$ = 7 TeV}",
    eprint = "1304.5783",
    archivePrefix = "arXiv",
    primaryClass = "hep-ex",
    reportNumber = "CMS-TOP-11-027, CERN-PH-EP-2013-059",
    doi = "10.1140/epjc/s10052-013-2494-7",
    journal = "Eur. Phys. J. C",
    volume = "73",
    pages = "2494",
    year = "2013"
}

@article{CMS:2013vyt,
    author = "Chatrchyan, Serguei and others",
    collaboration = "CMS",
    title = "{Search for a Standard-Model-Like Higgs Boson with a Mass in the Range 145 to 1000 GeV at the LHC}",
    eprint = "1304.0213",
    archivePrefix = "arXiv",
    primaryClass = "hep-ex",
    reportNumber = "CMS-HIG-12-034, CERN-PH-EP-2013-050",
    doi = "10.1140/epjc/s10052-013-2469-8",
    journal = "Eur. Phys. J. C",
    volume = "73",
    pages = "2469",
    year = "2013"
}

@article{CMS:2013qur,
    author = "Chatrchyan, Serguei and others",
    collaboration = "CMS",
    title = "{Measurement of the $\Upsilon(1S), \Upsilon(2S)$, and $\Upsilon(3S)$ Cross Sections in $pp$ Collisions at $\sqrt{s}$ = 7 TeV}",
    eprint = "1303.5900",
    archivePrefix = "arXiv",
    primaryClass = "hep-ex",
    reportNumber = "CMS-BPH-11-001, CERN-PH-EP-2012-373",
    doi = "10.1016/j.physletb.2013.10.033",
    journal = "Phys. Lett. B",
    volume = "727",
    pages = "101--125",
    year = "2013"
}

@article{CMS:2013ndg,
    author = "Chatrchyan, Serguei and others",
    collaboration = "CMS",
    title = "{Search for Microscopic Black Holes in $pp$ Collisions at $\sqrt{s}$ = 8 TeV}",
    eprint = "1303.5338",
    archivePrefix = "arXiv",
    primaryClass = "hep-ex",
    reportNumber = "CMS-EXO-12-009, CERN-PH-EP-2013-043",
    doi = "10.1007/JHEP07(2013)178",
    journal = "JHEP",
    volume = "07",
    pages = "178",
    year = "2013"
}

@article{CMS:2013kfv,
    author = "Chatrchyan, Serguei and others",
    collaboration = "CMS",
    title = "{Studies of Jet Mass in Dijet and W/Z + Jet Events}",
    eprint = "1303.4811",
    archivePrefix = "arXiv",
    primaryClass = "hep-ex",
    reportNumber = "CMS-SMP-12-019, CERN-PH-EP-2013-016",
    doi = "10.1007/JHEP05(2013)090",
    journal = "JHEP",
    volume = "05",
    pages = "090",
    year = "2013"
}

@article{CMS:2013vyn,
    author = "Chatrchyan, Serguei and others",
    collaboration = "CMS",
    title = "{Measurement of associated production of vector bosons and top quark-antiquark pairs at sqrt(s) = 7 TeV}",
    eprint = "1303.3239",
    archivePrefix = "arXiv",
    primaryClass = "hep-ex",
    reportNumber = "CMS-TOP-12-014, CERN-PH-EP-2013-033",
    doi = "10.1103/PhysRevLett.110.172002",
    journal = "Phys. Rev. Lett.",
    volume = "110",
    pages = "172002",
    year = "2013"
}

@article{CMS:2013cgf,
    author = "Chatrchyan, Serguei and others",
    collaboration = "CMS",
    title = "{Search for Supersymmetry in Hadronic Final States with Missing Transverse Energy Using the Variables $\alpha_T$ and b-Quark Multiplicity in $pp$ collisions at $\sqrt{s}= 8$ TeV}",
    eprint = "1303.2985",
    archivePrefix = "arXiv",
    primaryClass = "hep-ex",
    reportNumber = "CMS-SUS-12-028, CERN-PH-EP-2013-037",
    doi = "10.1140/epjc/s10052-013-2568-6",
    journal = "Eur. Phys. J. C",
    volume = "73",
    number = "9",
    pages = "2568",
    year = "2013"
}

@article{CMS:2013szn,
    author = "Chatrchyan, Serguei and others",
    collaboration = "CMS",
    title = "{Search for the Standard Model Higgs Boson Produced in Association with a Top-Quark Pair in $pp$ Collisions at the LHC}",
    eprint = "1303.0763",
    archivePrefix = "arXiv",
    primaryClass = "hep-ex",
    reportNumber = "CMS-HIG-12-035, CERN-PH-EP-2013-027",
    doi = "10.1007/JHEP05(2013)145",
    journal = "JHEP",
    volume = "05",
    pages = "145",
    year = "2013"
}

@article{CMS:2013egk,
    author = "Chatrchyan, Serguei and others",
    collaboration = "CMS",
    title = "{Search for Narrow Resonances Using the Dijet Mass Spectrum in $pp$ Collisions at $\sqrt{s}$=8  TeV}",
    eprint = "1302.4794",
    archivePrefix = "arXiv",
    primaryClass = "hep-ex",
    reportNumber = "CMS-EXO-12-016, CERN-PH-EP-2013-015",
    doi = "10.1103/PhysRevD.87.114015",
    journal = "Phys. Rev. D",
    volume = "87",
    number = "11",
    pages = "114015",
    year = "2013"
}

@article{CMS:2013fpt,
    author = "Chatrchyan, Serguei and others",
    collaboration = "CMS",
    title = "{Measurement of the $X$(3872) Production Cross Section Via Decays to $J/\psi \pi^+ \pi^-$ in $pp$ collisions at $\sqrt{s}$ = 7 TeV}",
    eprint = "1302.3968",
    archivePrefix = "arXiv",
    primaryClass = "hep-ex",
    reportNumber = "CMS-BPH-11-011, CERN-PH-EP-2013-014",
    doi = "10.1007/JHEP04(2013)154",
    journal = "JHEP",
    volume = "04",
    pages = "154",
    year = "2013"
}

@article{CMS:2013lhr,
    author = "Chatrchyan, Serguei and others",
    collaboration = "CMS",
    title = "{Search for New Physics in Final States with a Lepton and Missing Transverse Energy in pp Collisions at the LHC}",
    eprint = "1302.2812",
    archivePrefix = "arXiv",
    primaryClass = "hep-ex",
    reportNumber = "CMS-EXO-12-010, CERN-PH-EP-2013-010",
    doi = "10.1103/PhysRevD.87.072005",
    journal = "Phys. Rev. D",
    volume = "87",
    number = "7",
    pages = "072005",
    year = "2013"
}

@article{CMS:2013baf,
    author = "Chatrchyan, Serguei and others",
    collaboration = "CMS",
    title = "{Search for a Higgs Boson Decaying into a b-Quark Pair and Produced in Association with b Quarks in Proton\textendash{}Proton Collisions at 7 TeV}",
    eprint = "1302.2892",
    archivePrefix = "arXiv",
    primaryClass = "hep-ex",
    reportNumber = "CMS-HIG-12-033, CERN-PH-EP-2012-375",
    doi = "10.1016/j.physletb.2013.04.017",
    journal = "Phys. Lett. B",
    volume = "722",
    pages = "207--232",
    year = "2013"
}

@article{CMS:2013yli,
    author = "Chatrchyan, Serguei and others",
    collaboration = "CMS",
    title = "{Study of the Underlying Event at Forward Rapidity in pp Collisions at $\sqrt{s}$ = 0.9, 2.76, and 7 TeV}",
    eprint = "1302.2394",
    archivePrefix = "arXiv",
    primaryClass = "hep-ex",
    reportNumber = "CMS-FWD-11-003, CERN-PH-EP-2013-012",
    doi = "10.1007/JHEP04(2013)072",
    journal = "JHEP",
    volume = "04",
    pages = "072",
    year = "2013"
}

@article{CMS:2013zma,
    author = "Chatrchyan, Serguei and others",
    collaboration = "CMS",
    title = "{Searches for Higgs Bosons in pp Collisions at $\sqrt{s}$ = 7 and 8 TeV in the Context of Four-Generation and Fermiophobic Models}",
    eprint = "1302.1764",
    archivePrefix = "arXiv",
    primaryClass = "hep-ex",
    reportNumber = "CMS-HIG-12-013, CERN-PH-EP-2013-011",
    doi = "10.1016/j.physletb.2013.06.043",
    journal = "Phys. Lett. B",
    volume = "725",
    pages = "36--59",
    year = "2013"
}

@article{CMS:2013yjt,
    author = "Chatrchyan, Serguei and others",
    collaboration = "CMS",
    title = "{Measurement of the $t\bar{t}$ Production Cross Section in the All-Jet Final State in pp Collisions at $\sqrt{s}$ = 7 TeV}",
    eprint = "1302.0508",
    archivePrefix = "arXiv",
    primaryClass = "hep-ex",
    reportNumber = "CMS-TOP-11-007, CERN-PH-EP-2012-358",
    doi = "10.1007/JHEP05(2013)065",
    journal = "JHEP",
    volume = "05",
    pages = "065",
    year = "2013"
}

@article{CMS:2013jbc,
    author = "Chatrchyan, Serguei and others",
    collaboration = "CMS",
    title = "{Search for Pair-Produced Dijet Resonances in Four-Jet Final States in pp Collisions at $\sqrt{s}$=7  TeV}",
    eprint = "1302.0531",
    archivePrefix = "arXiv",
    primaryClass = "hep-ex",
    reportNumber = "CMS-EXO-11-016, CERN-PH-EP-2013-007",
    doi = "10.1103/PhysRevLett.110.141802",
    journal = "Phys. Rev. Lett.",
    volume = "110",
    number = "14",
    pages = "141802",
    year = "2013"
}

@article{CMS:2013nie,
    author = "Chatrchyan, Serguei and others",
    collaboration = "CMS",
    title = "{Measurement of the $t\bar{t}$ Production Cross Section in the $\tau$ +Jets Channel in $pp$ Collisions at $\sqrt{s} = 7$ TeV}",
    eprint = "1301.5755",
    archivePrefix = "arXiv",
    primaryClass = "hep-ex",
    reportNumber = "CMS-TOP-11-004, CERN-PH-EP-2012-374",
    doi = "10.1140/epjc/s10052-013-2386-x",
    journal = "Eur. Phys. J. C",
    volume = "73",
    number = "4",
    pages = "2386",
    year = "2013"
}

@article{CMS:2013sby,
    author = "Chatrchyan, Serguei and others",
    collaboration = "CMS",
    title = "{Search for Contact Interactions Using the Inclusive Jet $p_T$ Spectrum in $pp$ Collisions at $\sqrt{s} = 7$ TeV}",
    eprint = "1301.5023",
    archivePrefix = "arXiv",
    primaryClass = "hep-ex",
    reportNumber = "CMS-EXO-11-010, CERN-PH-EP-2013-002",
    doi = "10.1103/PhysRevD.87.052017",
    journal = "Phys. Rev. D",
    volume = "87",
    number = "5",
    pages = "052017",
    year = "2013"
}

@article{CMS:2013piy,
    author = "Chatrchyan, Serguei and others",
    collaboration = "CMS",
    title = "{Measurement of $W^+ W^-$ and $ZZ$ Production Cross Sections in $pp$ Collisions at $\sqrt{s} = 8 TeV$}",
    eprint = "1301.4698",
    archivePrefix = "arXiv",
    primaryClass = "hep-ex",
    reportNumber = "CMS-SMP-12-024, CERN-PH-EP-2012-376",
    doi = "10.1016/j.physletb.2013.03.027",
    journal = "Phys. Lett. B",
    volume = "721",
    pages = "190--211",
    year = "2013"
}

@article{CMS:2013hhn,
    author = "Chatrchyan, Serguei and others",
    collaboration = "CMS",
    title = "{Search for Supersymmetry in Events with Opposite-Sign Dileptons and Missing Transverse Energy Using an Artificial Neural Network}",
    eprint = "1301.0916",
    archivePrefix = "arXiv",
    primaryClass = "hep-ex",
    reportNumber = "CMS-SUS-11-018, CERN-PH-EP-2012-341",
    doi = "10.1103/PhysRevD.87.072001",
    journal = "Phys. Rev. D",
    volume = "87",
    number = "7",
    pages = "072001",
    year = "2013"
}

@article{CMS:2013lua,
    author = "Chatrchyan, Serguei and others",
    collaboration = "CMS",
    title = "{Event Shapes and Azimuthal Correlations in $Z$ + Jets Events in $pp$ Collisions at $\sqrt{s}=7$ TeV}",
    eprint = "1301.1646",
    archivePrefix = "arXiv",
    primaryClass = "hep-ex",
    reportNumber = "CMS-EWK-11-021, CERN-PH-EP-2013-001",
    doi = "10.1016/j.physletb.2013.04.025",
    journal = "Phys. Lett. B",
    volume = "722",
    pages = "238--261",
    year = "2013"
}

@article{CMS:2013wdg,
    author = "Chatrchyan, Serguei and others",
    collaboration = "CMS",
    title = "{Interpretation of Searches for Supersymmetry with Simplified Models}",
    eprint = "1301.2175",
    archivePrefix = "arXiv",
    primaryClass = "hep-ex",
    reportNumber = "CMS-SUS-11-016, CERN-PH-EP-2012-351",
    doi = "10.1103/PhysRevD.88.052017",
    journal = "Phys. Rev. D",
    volume = "88",
    number = "5",
    pages = "052017",
    year = "2013"
}

@article{CMS:2013pbl,
    author = "Chatrchyan, Serguei and others",
    collaboration = "CMS",
    title = "{Search for Physics Beyond the Standard Model in Events with $\tau$ Leptons, Jets, and Large Transverse Momentum Imbalance in $pp$ Collisions at $\sqrt{s}$ = 7 TeV}",
    eprint = "1301.3792",
    archivePrefix = "arXiv",
    primaryClass = "hep-ex",
    reportNumber = "CMS-SUS-12-004, CERN-PH-EP-2012-252",
    doi = "10.1140/epjc/s10052-013-2493-8",
    journal = "Eur. Phys. J. C",
    volume = "73",
    pages = "2493",
    year = "2013"
}

@article{CMS:2012bbi,
    author = "Chatrchyan, Serguei and others",
    collaboration = "CMS",
    title = "{Search for Long-Lived Particles Decaying to Photons and Missing Energy in Proton-Proton Collisions at $\sqrt{s}=7$ TeV}",
    eprint = "1212.1838",
    archivePrefix = "arXiv",
    primaryClass = "hep-ex",
    reportNumber = "CMS-EXO-11-035, CERN-PH-EP-2012-342",
    doi = "10.1016/j.physletb.2013.04.027",
    journal = "Phys. Lett. B",
    volume = "722",
    pages = "273--294",
    year = "2013"
}

@article{CMS:2012bpt,
    author = "Chatrchyan, Serguei and others",
    collaboration = "CMS",
    title = "{Search for Heavy Resonances in the W/Z-Tagged Dijet Mass Spectrum in pp Collisions at 7 TeV}",
    eprint = "1212.1910",
    archivePrefix = "arXiv",
    primaryClass = "hep-ex",
    reportNumber = "CMS-EXO-11-095, CERN-PH-EP-2012-356",
    doi = "10.1016/j.physletb.2013.05.040",
    journal = "Phys. Lett. B",
    volume = "723",
    pages = "280--301",
    year = "2013"
}

@article{CMS:2012pbh,
    author = "Chatrchyan, Serguei and others",
    collaboration = "CMS",
    title = "{Search for Contact Interactions in $\mu^+\mu^-$ Events in $pp$ Collisions at $\sqrt{s}=7$ TeV}",
    eprint = "1212.4563",
    archivePrefix = "arXiv",
    primaryClass = "hep-ex",
    reportNumber = "CMS-EXO-11-009, CERN-PH-EP-2012-329",
    doi = "10.1103/PhysRevD.87.032001",
    journal = "Phys. Rev. D",
    volume = "87",
    number = "3",
    pages = "032001",
    year = "2013"
}

@article{CMS:2012umo,
    author = "Chatrchyan, Serguei and others",
    collaboration = "CMS",
    title = "{Search for Heavy Narrow Dilepton Resonances in $pp$ Collisions at $\sqrt{s}=7$ TeV and $\sqrt{s}=8$ TeV}",
    eprint = "1212.6175",
    archivePrefix = "arXiv",
    primaryClass = "hep-ex",
    reportNumber = "CMS-EXO-12-015, CERN-PH-EP-2012-364",
    doi = "10.1016/j.physletb.2013.02.003",
    journal = "Phys. Lett. B",
    volume = "720",
    pages = "63--82",
    year = "2013"
}

@article{CMS:2012phc,
    author = "Chatrchyan, Serguei and others",
    collaboration = "CMS",
    title = "{Search for New Physics in Events with Same-Sign Dileptons and $b$ Jets in $pp$ Collisions at $\sqrt{s}=8$ TeV}",
    eprint = "1212.6194",
    archivePrefix = "arXiv",
    primaryClass = "hep-ex",
    reportNumber = "CMS-SUS-12-017, CERN-PH-EP-2012-361",
    doi = "10.1007/JHEP03(2013)037",
    journal = "JHEP",
    volume = "03",
    pages = "037",
    year = "2013",
    note = "[Erratum: JHEP 07, 041 (2013)]"
}

@article{CMS:2012yib,
    author = "Chatrchyan, Serguei and others",
    collaboration = "CMS",
    title = "{Inclusive Search for Supersymmetry Using the Razor Variables in $pp$ Collisions at $\sqrt{s}=7$ TeV}",
    eprint = "1212.6961",
    archivePrefix = "arXiv",
    primaryClass = "hep-ex",
    reportNumber = "CMS-SUS-11-024, CERN-PH-EP-2012-332",
    doi = "10.1103/PhysRevLett.111.081802",
    journal = "Phys. Rev. Lett.",
    volume = "111",
    number = "8",
    pages = "081802",
    year = "2013"
}

@article{CMS:2012hcu,
    author = "Chatrchyan, Serguei and others",
    collaboration = "CMS",
    title = "{Measurement of the $t\bar{t}$ Production Cross Section in $pp$ Collisions at $\sqrt{s}=7$ TeV with Lepton + Jets Final States}",
    eprint = "1212.6682",
    archivePrefix = "arXiv",
    primaryClass = "hep-ex",
    reportNumber = "CMS-TOP-11-003, CERN-PH-EP-2012-285",
    doi = "10.1016/j.physletb.2013.02.021",
    journal = "Phys. Lett. B",
    volume = "720",
    pages = "83--104",
    year = "2013"
}

@article{CMS:2012ftr,
    author = "Chatrchyan, Serguei and others",
    collaboration = "CMS",
    title = "{Measurements of Differential Jet Cross Sections in Proton-Proton Collisions at $\sqrt{s}=7$ TeV with the CMS Detector}",
    eprint = "1212.6660",
    archivePrefix = "arXiv",
    primaryClass = "hep-ex",
    reportNumber = "CMS-QCD-11-004, CERN-PH-EP-2012-343",
    doi = "10.1103/PhysRevD.87.112002",
    journal = "Phys. Rev. D",
    volume = "87",
    number = "11",
    pages = "112002",
    year = "2013",
    note = "[Erratum: Phys.Rev.D 87, 119902 (2013)]"
}

@article{CMS:2012vby,
    author = "Chatrchyan, Serguei and others",
    collaboration = "CMS",
    title = "{Study of the Mass and Spin-Parity of the Higgs Boson Candidate Via Its Decays to Z Boson Pairs}",
    eprint = "1212.6639",
    archivePrefix = "arXiv",
    primaryClass = "hep-ex",
    reportNumber = "CMS-HIG-12-041, CERN-PH-EP-2012-372",
    doi = "10.1103/PhysRevLett.110.081803",
    journal = "Phys. Rev. Lett.",
    volume = "110",
    number = "8",
    pages = "081803",
    year = "2013"
}

@article{CMS:2012vfw,
    author = "Chatrchyan, Serguei and others",
    collaboration = "CMS",
    title = "{Search for Supersymmetry in $pp$ Collisions at $\sqrt{s}=7$ TeV in Events with a Single Lepton, Jets, and Missing Transverse Momentum}",
    eprint = "1212.6428",
    archivePrefix = "arXiv",
    primaryClass = "hep-ex",
    reportNumber = "CMS-SUS-12-010, CERN-PH-EP-2012-348",
    doi = "10.1140/epjc/s10052-013-2404-z",
    journal = "Eur. Phys. J. C",
    volume = "73",
    pages = "2404",
    year = "2013"
}

@article{CMS:2012hkm,
    author = "Chatrchyan, Serguei and others",
    collaboration = "CMS",
    title = "{Measurement of Differential Top-Quark Pair Production Cross Sections in $pp$ collisions at $\sqrt{s}=7$ TeV}",
    eprint = "1211.2220",
    archivePrefix = "arXiv",
    primaryClass = "hep-ex",
    reportNumber = "CMS-TOP-11-013, CERN-PH-EP-2012-322",
    doi = "10.1140/epjc/s10052-013-2339-4",
    journal = "Eur. Phys. J. C",
    volume = "73",
    number = "3",
    pages = "2339",
    year = "2013"
}

@article{CMS:2012axw,
    author = "Chatrchyan, Serguei and others",
    collaboration = "CMS",
    title = "{Search in Leptonic Channels for Heavy Resonances Decaying to Long-Lived Neutral Particles}",
    eprint = "1211.2472",
    archivePrefix = "arXiv",
    primaryClass = "hep-ex",
    reportNumber = "CMS-EXO-11-101, CERN-PH-EP-2012-304",
    doi = "10.1007/JHEP02(2013)085",
    journal = "JHEP",
    volume = "02",
    pages = "085",
    year = "2013"
}

@article{CMS:2012vtf,
    author = "Chatrchyan, Serguei and others",
    collaboration = "CMS",
    title = "{Search for Supersymmetry in Final States with a Single Lepton, $b$-Quark Jets, and Missing Transverse Energy in Proton-Proton Collisions at $\sqrt{s}=7$ TeV}",
    eprint = "1211.3143",
    archivePrefix = "arXiv",
    primaryClass = "hep-ex",
    reportNumber = "CMS-SUS-11-028, CERN-PH-EP-2012-316",
    doi = "10.1103/PhysRevD.87.052006",
    journal = "Phys. Rev. D",
    volume = "87",
    number = "5",
    pages = "052006",
    year = "2013"
}

@article{CMS:2012zja,
    author = "Chatrchyan, Serguei and others",
    collaboration = "CMS",
    title = "{Search for $Z$ ' Resonances Decaying to $t\bar{t}$ in Dilepton + Jets Final States in $pp$ Collisions at $\sqrt{s}=7$ TeV}",
    eprint = "1211.3338",
    archivePrefix = "arXiv",
    primaryClass = "hep-ex",
    reportNumber = "CMS-TOP-11-010, CERN-PH-EP-2012-324",
    doi = "10.1103/PhysRevD.87.072002",
    journal = "Phys. Rev. D",
    volume = "87",
    number = "7",
    pages = "072002",
    year = "2013"
}

@article{CMS:2012feb,
    author = "Chatrchyan, Serguei and others",
    collaboration = "CMS",
    title = "{Identification of b-Quark Jets with the CMS Experiment}",
    eprint = "1211.4462",
    archivePrefix = "arXiv",
    primaryClass = "hep-ex",
    reportNumber = "CMS-BTV-12-001, CERN-PH-EP-2012-262",
    doi = "10.1088/1748-0221/8/04/P04013",
    journal = "JINST",
    volume = "8",
    pages = "P04013",
    year = "2013"
}

@article{CMS:2012xbw,
    author = "Chatrchyan, Serguei and others",
    collaboration = "CMS",
    title = "{Search for New Physics in Events with Photons, Jets, and Missing Transverse Energy in $pp$ Collisions at $\sqrt{s}=7$ TeV}",
    eprint = "1211.4784",
    archivePrefix = "arXiv",
    primaryClass = "hep-ex",
    reportNumber = "CMS-SUS-12-001, CERN-PH-EP-2012-321",
    doi = "10.1007/JHEP03(2013)111",
    journal = "JHEP",
    volume = "03",
    pages = "111",
    year = "2013"
}

@article{CMS:2012exm,
    author = "Chatrchyan, Serguei and others",
    collaboration = "CMS",
    title = "{Measurement of the $ZZ$ Production Cross Section and Search for Anomalous Couplings in 2 l2l ' Final States in $pp$ Collisions at $\sqrt{s}=7$ TeV}",
    eprint = "1211.4890",
    archivePrefix = "arXiv",
    primaryClass = "hep-ex",
    reportNumber = "CMS-SMP-12-007, CERN-PH-EP-2012-336",
    doi = "10.1007/JHEP01(2013)063",
    journal = "JHEP",
    volume = "01",
    pages = "063",
    year = "2013"
}

@article{CMS:2012imo,
    author = "Chatrchyan, Serguei and others",
    collaboration = "CMS",
    title = "{Search for Exotic Resonances Decaying into $WZ/ZZ$ in $pp$ Collisions at $\sqrt{s}=7$ TeV}",
    eprint = "1211.5779",
    archivePrefix = "arXiv",
    primaryClass = "hep-ex",
    reportNumber = "CMS-EXO-12-014, CERN-PH-EP-2012-312",
    doi = "10.1007/JHEP02(2013)036",
    journal = "JHEP",
    volume = "02",
    pages = "036",
    year = "2013"
}

@article{CMS:2012uhs,
    author = "Chatrchyan, Serguei and others",
    collaboration = "CMS",
    title = "{Search for Anomalous Production of Highly Boosted $Z$ Bosons Decaying to $\mu^+ \mu^-$ in Proton-Proton Collisions at $\sqrt{s}=7$ TeV}",
    eprint = "1210.0867",
    archivePrefix = "arXiv",
    primaryClass = "hep-ex",
    reportNumber = "CMS-EXO-11-025, CERN-PH-EP-2012-294",
    doi = "10.1016/j.physletb.2013.03.037",
    journal = "Phys. Lett. B",
    volume = "722",
    pages = "28--47",
    year = "2013"
}

@article{CMS:2012qwg,
    author = "Chatrchyan, Serguei and others",
    collaboration = "CMS",
    title = "{Measurement of the Relative Prompt Production Rate of $\chi_{c2}$ and $\chi_{c1}$ in $pp$ Collisions at $\sqrt{s}=7$ TeV}",
    eprint = "1210.0875",
    archivePrefix = "arXiv",
    primaryClass = "hep-ex",
    reportNumber = "CMS-BPH-11-010, CERN-PH-EP-2012-271",
    doi = "10.1140/epjc/s10052-012-2251-3",
    journal = "Eur. Phys. J. C",
    volume = "72",
    pages = "2251",
    year = "2012"
}

@article{CMS:2012ra,
    author = "Chatrchyan, Serguei and others",
    collaboration = "CMS",
    title = "{Search for Heavy Lepton Partners of Neutrinos in Proton-Proton Collisions in the Context of the Type III Seesaw Mechanism}",
    eprint = "1210.1797",
    archivePrefix = "arXiv",
    primaryClass = "hep-ex",
    reportNumber = "CMS-EXO-11-073, CERN-PH-EP-2012-278",
    doi = "10.1016/j.physletb.2012.10.070",
    journal = "Phys. Lett. B",
    volume = "718",
    pages = "348--368",
    year = "2012"
}

@article{CMS:2012un,
    author = "Chatrchyan, Serguei and others",
    collaboration = "CMS",
    title = "{Search for Supersymmetry in Events with Photons and Low Missing Transverse Energy in $pp$ Collisions at $\sqrt{s}=7$ TeV}",
    eprint = "1210.2052",
    archivePrefix = "arXiv",
    primaryClass = "hep-ex",
    reportNumber = "CMS-SUS-12-014, CERN-PH-EP-2012-272",
    doi = "10.1016/j.physletb.2012.12.055",
    journal = "Phys. Lett. B",
    volume = "719",
    pages = "42--61",
    year = "2013"
}

@article{CMS:2012xi,
    author = "Chatrchyan, S. and others",
    collaboration = "CMS, CMS",
    title = "{Search for Fractionally Charged Particles in $pp$ Collisions at $\sqrt{s}=7$ TeV}",
    eprint = "1210.2311",
    archivePrefix = "arXiv",
    primaryClass = "hep-ex",
    reportNumber = "CMS-EXO-11-074, CERN-PH-EP-2012-282",
    doi = "10.1103/PhysRevD.87.092008",
    journal = "Phys. Rev. D",
    volume = "87",
    number = "9",
    pages = "092008",
    year = "2013",
    note = "[Erratum: Phys.Rev.D 106, 099903 (2022)]"
}

@article{CMS:2012yf,
    author = "Chatrchyan, Serguei and others",
    collaboration = "CMS",
    title = "{Search for Narrow Resonances and Quantum Black Holes in Inclusive and $b$-Tagged Dijet Mass Spectra from $pp$ Collisions at $\sqrt{s}=7$ TeV}",
    eprint = "1210.2387",
    archivePrefix = "arXiv",
    primaryClass = "hep-ex",
    reportNumber = "CMS-EXO-11-094, CERN-PH-EP-2012-277",
    doi = "10.1007/JHEP01(2013)013",
    journal = "JHEP",
    volume = "01",
    pages = "013",
    year = "2013"
}

@article{CMS:2012zv,
    author = "Chatrchyan, Serguei and others",
    collaboration = "CMS",
    title = "{Search for Heavy Neutrinos and $W_R$ Bosons with Right-Handed Couplings in a Left-Right Symmetric Model in pp Collisions at $\sqrt{s}$ = 7 TeV}",
    eprint = "1210.2402",
    archivePrefix = "arXiv",
    primaryClass = "hep-ex",
    reportNumber = "CMS-EXO-11-091, CERN-PH-EP-2012-235",
    doi = "10.1103/PhysRevLett.109.261802",
    journal = "Phys. Rev. Lett.",
    volume = "109",
    pages = "261802",
    year = "2012"
}

@article{CMS:2012ad,
    author = "Chatrchyan, Serguei and others",
    collaboration = "CMS",
    title = "{Search for excited leptons in $pp$ collisions at $\sqrt{s}=7$ TeV}",
    eprint = "1210.2422",
    archivePrefix = "arXiv",
    primaryClass = "hep-ex",
    reportNumber = "CMS-EXO-11-034, CERN-PH-EP-2012-261",
    doi = "10.1016/j.physletb.2013.02.031",
    journal = "Phys. Lett. B",
    volume = "720",
    pages = "309--329",
    year = "2013"
}

@article{CMS:2012bw,
    author = "Chatrchyan, Serguei and others",
    collaboration = "CMS",
    title = "{Observation of Z Decays to Four Leptons with the CMS Detector at the LHC}",
    eprint = "1210.3844",
    archivePrefix = "arXiv",
    primaryClass = "hep-ex",
    reportNumber = "CMS-SMP-12-009, CERN-PH-EP-2012-283",
    doi = "10.1007/JHEP12(2012)034",
    journal = "JHEP",
    volume = "12",
    pages = "034",
    year = "2012"
}

@article{CMS:2012qk,
    author = "Chatrchyan, Serguei and others",
    collaboration = "CMS",
    title = "{Observation of Long-Range Near-Side Angular Correlations in Proton-Lead Collisions at the LHC}",
    eprint = "1210.5482",
    archivePrefix = "arXiv",
    primaryClass = "nucl-ex",
    reportNumber = "CMS-HIN-12-005, CERN-PH-EP-2012-320, CMS-HIN-12-015",
    doi = "10.1016/j.physletb.2012.11.025",
    journal = "Phys. Lett. B",
    volume = "718",
    pages = "795--814",
    year = "2013"
}

@article{CMS:2012cyn,
    author = "Chatrchyan, Serguei and others",
    collaboration = "CMS",
    title = "{Search for Third-Generation Leptoquarks and Scalar Bottom Quarks in $pp$ Collisions at $\sqrt{s}=7$ TeV}",
    eprint = "1210.5627",
    archivePrefix = "arXiv",
    primaryClass = "hep-ex",
    reportNumber = "CMS-EXO-11-030, CERN-PH-EP-2012-297",
    doi = "10.1007/JHEP12(2012)055",
    journal = "JHEP",
    volume = "12",
    pages = "055",
    year = "2012"
}

@article{CMS:2012bfi,
    author = "Chatrchyan, Serguei and others",
    collaboration = "CMS",
    title = "{Search for Pair Production of Third-Generation Leptoquarks and Top Squarks in $pp$ Collisions at $\sqrt{s}=7$ TeV}",
    eprint = "1210.5629",
    archivePrefix = "arXiv",
    primaryClass = "hep-ex",
    reportNumber = "CMS-EXO-12-002, CERN-PH-EP-2012-299",
    doi = "10.1103/PhysRevLett.110.081801",
    journal = "Phys. Rev. Lett.",
    volume = "110",
    number = "8",
    pages = "081801",
    year = "2013"
}

@article{CMS:2012gek,
    author = "Chatrchyan, Serguei and others",
    collaboration = "CMS",
    title = "{Measurement of the Inelastic Proton-Proton Cross Section at $\sqrt{s}=7$ TeV}",
    eprint = "1210.6718",
    archivePrefix = "arXiv",
    primaryClass = "hep-ex",
    reportNumber = "CMS-FWD-11-001, CERN-PH-EP-2012-293",
    doi = "10.1016/j.physletb.2013.03.024",
    journal = "Phys. Lett. B",
    volume = "722",
    pages = "5--27",
    year = "2013"
}

@article{CMS:2012mvl,
    author = "Chatrchyan, Serguei and others",
    collaboration = "CMS",
    title = "{Search for Heavy Quarks Decaying into a Top Quark and a $W$ or $Z$ Boson using Lepton + Jets Events in $pp$ Collisions at $\sqrt{s}$ = 7 TeV}",
    eprint = "1210.7471",
    archivePrefix = "arXiv",
    primaryClass = "hep-ex",
    reportNumber = "CMS-B2G-12-004, CERN-PH-EP-2012-309",
    doi = "10.1007/JHEP01(2013)154",
    journal = "JHEP",
    volume = "01",
    pages = "154",
    year = "2013"
}

@article{CMS:2012wlr,
    author = "Chatrchyan, Serguei and others",
    collaboration = "CMS",
    title = "{Measurement of the Sum of $W W$ and $WZ$ Production with $W+$Dijet Events in $pp$ Collisions at $\sqrt{s}=7$ TeV}",
    eprint = "1210.7544",
    archivePrefix = "arXiv",
    primaryClass = "hep-ex",
    reportNumber = "CMS-SMP-12-015, CERN-PH-EP-2012-311",
    doi = "10.1140/epjc/s10052-013-2283-3",
    journal = "Eur. Phys. J. C",
    volume = "73",
    number = "2",
    pages = "2283",
    year = "2013"
}

@article{CMS:2012qms,
    author = "Chatrchyan, Serguei and others",
    collaboration = "CMS",
    title = "{Search for a Non-Standard-Model Higgs Boson Decaying to a Pair of New Light Bosons in Four-Muon Final States}",
    eprint = "1210.7619",
    archivePrefix = "arXiv",
    primaryClass = "hep-ex",
    reportNumber = "CMS-EXO-12-012, CERN-PH-EP-2012-292",
    doi = "10.1016/j.physletb.2013.09.009",
    journal = "Phys. Lett. B",
    volume = "726",
    pages = "564--586",
    year = "2013"
}

@article{CMS:2012rao,
    author = "Chatrchyan, Serguei and others",
    collaboration = "CMS",
    title = "{Search for Supersymmetry in Final States with Missing Transverse Energy and 0, 1, 2, or at Least 3 b-Quark Jets in 7 TeV pp Collisions using the Variable $\alpha_T$}",
    eprint = "1210.8115",
    archivePrefix = "arXiv",
    primaryClass = "hep-ex",
    reportNumber = "CMS-SUS-11-022, CERN-PH-EP-2012-290",
    doi = "10.1007/JHEP01(2013)077",
    journal = "JHEP",
    volume = "01",
    pages = "077",
    year = "2013"
}

@article{CMS:2012mir,
    author = "Chatrchyan, Serguei and others",
    collaboration = "CMS",
    title = "{Search for Pair Produced Fourth-Generation Up-Type Quarks in $pp$ Collisions at $\sqrt{s}=7$ TeV with a Lepton in the Final State}",
    eprint = "1209.0471",
    archivePrefix = "arXiv",
    primaryClass = "hep-ex",
    reportNumber = "CMS-EXO-11-099, CERN-PH-EP-2012-244",
    doi = "10.1016/j.physletb.2012.10.038",
    journal = "Phys. Lett. B",
    volume = "718",
    pages = "307--328",
    year = "2012"
}

@article{CMS:2012wdt,
    author = "Chatrchyan, Serguei and others",
    collaboration = "CMS",
    title = "{Combined Search for the Quarks of a Sequential Fourth Generation}",
    eprint = "1209.1062",
    archivePrefix = "arXiv",
    primaryClass = "hep-ex",
    reportNumber = "CMS-EXO-11-098, CERN-PH-EP-2012-251",
    doi = "10.1103/PhysRevD.86.112003",
    journal = "Phys. Rev. D",
    volume = "86",
    pages = "112003",
    year = "2012"
}

@article{CMS:2012cve,
    author = "Chatrchyan, Serguei and others",
    collaboration = "CMS",
    title = "{Search for Exclusive or Semi-Exclusive Photon Pair Production and Observation of Exclusive and Semi-Exclusive Electron Pair Production in $pp$ Collisions at $\sqrt{s}=7$ TeV}",
    eprint = "1209.1666",
    archivePrefix = "arXiv",
    primaryClass = "hep-ex",
    reportNumber = "CMS-FWD-11-004, CERN-PH-EP-2012-246",
    doi = "10.1007/JHEP11(2012)080",
    journal = "JHEP",
    volume = "11",
    pages = "080",
    year = "2012"
}

@article{CMS:2012odd,
    author = "Chatrchyan, Serguei and others",
    collaboration = "CMS",
    title = "{Observation of a Diffractive Contribution to Dijet Production in Proton-Proton Collisions at $\sqrt{s}=7$ TeV}",
    eprint = "1209.1805",
    archivePrefix = "arXiv",
    primaryClass = "hep-ex",
    reportNumber = "CMS-FWD-10-004, CERN-PH-EP-2012-248",
    doi = "10.1103/PhysRevD.87.012006",
    journal = "Phys. Rev. D",
    volume = "87",
    number = "1",
    pages = "012006",
    year = "2013"
}

@article{CMS:2012sas,
    author = "Chatrchyan, Serguei and others",
    collaboration = "CMS",
    title = "{Measurement of the Top-Quark Mass in $t\bar{t}$ Events with Lepton+Jets Final States in $pp$ Collisions at $\sqrt{s}=7$ TeV}",
    eprint = "1209.2319",
    archivePrefix = "arXiv",
    primaryClass = "hep-ex",
    reportNumber = "CMS-TOP-11-015, CERN-PH-EP-2012-250",
    doi = "10.1007/JHEP12(2012)105",
    journal = "JHEP",
    volume = "12",
    pages = "105",
    year = "2012"
}

@article{CMS:2012tdr,
    author = "Chatrchyan, Serguei and others",
    collaboration = "CMS",
    title = "{Measurement of the Top-Quark Mass in $t\bar{t}$ Events with Dilepton Final States in $pp$ Collisions at $\sqrt{s}=7$ TeV}",
    eprint = "1209.2393",
    archivePrefix = "arXiv",
    primaryClass = "hep-ex",
    reportNumber = "CMS-TOP-11-016, CERN-PH-EP-2012-222",
    doi = "10.1140/epjc/s10052-012-2202-z",
    journal = "Eur. Phys. J. C",
    volume = "72",
    pages = "2202",
    year = "2012"
}

@article{CMS:2012bpf,
    author = "Chatrchyan, Serguei and others",
    collaboration = "CMS",
    title = "{Measurement of the $Y(1S), Y(2S)$ and $Y(3S)$ Polarizations in $pp$ Collisions at $\sqrt{s}=7$ TeV}",
    eprint = "1209.2922",
    archivePrefix = "arXiv",
    primaryClass = "hep-ex",
    reportNumber = "CMS-BPH-11-023, CERN-PH-EP-2012-205",
    doi = "10.1103/PhysRevLett.110.081802",
    journal = "Phys. Rev. Lett.",
    volume = "110",
    number = "8",
    pages = "081802",
    year = "2013"
}

@article{CMS:2012pxd,
    author = "Chatrchyan, Serguei and others",
    collaboration = "CMS",
    title = "{Evidence for Associated Production of a Single Top Quark and W Boson in $pp$ Collisions at $\sqrt{s}$ = 7 TeV}",
    eprint = "1209.3489",
    archivePrefix = "arXiv",
    primaryClass = "hep-ex",
    reportNumber = "CMS-TOP-11-022, CERN-PH-EP-2012-266",
    doi = "10.1103/PhysRevLett.110.022003",
    journal = "Phys. Rev. Lett.",
    volume = "110",
    pages = "022003",
    year = "2013"
}

@article{CMS:2012mmv,
    author = "Chatrchyan, Serguei and others",
    collaboration = "CMS",
    title = "{Search for a narrow spin-2 resonance decaying to a pair of Z vector bosons in the semileptonic final state}",
    eprint = "1209.3807",
    archivePrefix = "arXiv",
    primaryClass = "hep-ex",
    reportNumber = "CMS-EXO-11-102, CERN-PH-EP-2012-232",
    doi = "10.1016/j.physletb.2012.11.063",
    journal = "Phys. Lett. B",
    volume = "718",
    pages = "1208--1228",
    year = "2013"
}

@article{CMS:2012bfw,
    author = "Chatrchyan, Serguei and others",
    collaboration = "CMS",
    title = "{Search for the Standard Model Higgs Boson Produced in Association with $W$ and $Z$ Bosons in $pp$ Collisions at $\sqrt{s}=7$ TeV}",
    eprint = "1209.3937",
    archivePrefix = "arXiv",
    primaryClass = "hep-ex",
    reportNumber = "CMS-HIG-12-010, CERN-PH-EP-2012-253",
    doi = "10.1007/JHEP11(2012)088",
    journal = "JHEP",
    volume = "11",
    pages = "088",
    year = "2012"
}

@article{CMS:2012jea,
    author = "Chatrchyan, Serguei and others",
    collaboration = "CMS",
    title = "{Search for Resonant $t\bar{t}$ Production in Lepton+Jets Events in $pp$ Collisions at $\sqrt{s}=7$ TeV}",
    eprint = "1209.4397",
    archivePrefix = "arXiv",
    primaryClass = "hep-ex",
    reportNumber = "CMS-TOP-12-017, CERN-PH-EP-2012-264",
    doi = "10.1007/JHEP12(2012)015",
    journal = "JHEP",
    volume = "12",
    pages = "015",
    year = "2012"
}

@article{CMS:2012hnc,
    author = "Chatrchyan, Serguei and others",
    collaboration = "CMS",
    title = "{Search for electroweak production of charginos and neutralinos using leptonic final states in $pp$ collisions at $\sqrt{s}=7$ TeV}",
    eprint = "1209.6620",
    archivePrefix = "arXiv",
    primaryClass = "hep-ex",
    reportNumber = "CMS-SUS-12-006, CERN-PH-EP-2012-273",
    doi = "10.1007/JHEP11(2012)147",
    journal = "JHEP",
    volume = "11",
    pages = "147",
    year = "2012"
}

@article{CMS:2012nze,
    author = "Chatrchyan, Serguei and others",
    collaboration = "CMS",
    title = "{Search for a $W$ ' Boson Decaying to a Bottom Quark and a Top Quark in $pp$ Collisions at $\sqrt{s}=7$ TeV}",
    eprint = "1208.0956",
    archivePrefix = "arXiv",
    primaryClass = "hep-ex",
    reportNumber = "CMS-EXO-12-001, CERN-PH-EP-2012-192",
    doi = "10.1016/j.physletb.2012.12.008",
    journal = "Phys. Lett. B",
    volume = "718",
    pages = "1229--1251",
    year = "2013"
}

@article{CMS:2012wao,
    author = "Chatrchyan, Serguei and others",
    collaboration = "CMS",
    title = "{Search for Flavor Changing Neutral Currents in Top Quark Decays in pp Collisions at 7 TeV}",
    eprint = "1208.0957",
    archivePrefix = "arXiv",
    primaryClass = "hep-ex",
    reportNumber = "CMS-TOP-11-028, CERN-PH-EP-2012-206",
    doi = "10.1016/j.physletb.2012.12.045",
    journal = "Phys. Lett. B",
    volume = "718",
    pages = "1252--1272",
    year = "2013"
}

@article{CMS:2012ilh,
    author = "Chatrchyan, Serguei and others",
    collaboration = "CMS",
    title = "{Measurement of the Azimuthal Anisotropy of Neutral Pions in PbPb cCllisions at $\sqrt{s_{NN}}=2.76$ TeV}",
    eprint = "1208.2470",
    archivePrefix = "arXiv",
    primaryClass = "nucl-ex",
    reportNumber = "CMS-HIN-11-009, CERN-PH-EP-2012-231",
    doi = "10.1103/PhysRevLett.110.042301",
    journal = "Phys. Rev. Lett.",
    volume = "110",
    number = "4",
    pages = "042301",
    year = "2013"
}

@article{CMS:2012exf,
    author = "Chatrchyan, Serguei and others",
    collaboration = "CMS",
    title = "{Measurement of the $t\bar{t}$ Production Cross Section in the Dilepton Channel in $pp$ Collisions at $\sqrt{s}=7$ TeV}",
    eprint = "1208.2671",
    archivePrefix = "arXiv",
    primaryClass = "hep-ex",
    reportNumber = "CMS-TOP-11-005, CERN-PH-EP-2012-224",
    doi = "10.1007/JHEP11(2012)067",
    journal = "JHEP",
    volume = "11",
    pages = "067",
    year = "2012"
}

@article{CMS:2012gvv,
    author = "Chatrchyan, Serguei and others",
    collaboration = "CMS",
    title = "{Observation of Sequential Upsilon Suppression in PbPb Collisions}",
    eprint = "1208.2826",
    archivePrefix = "arXiv",
    primaryClass = "nucl-ex",
    reportNumber = "CMS-HIN-11-011, CERN-PH-EP-2012-228",
    doi = "10.1103/PhysRevLett.109.222301",
    journal = "Phys. Rev. Lett.",
    volume = "109",
    pages = "222301",
    year = "2012",
    note = "[Erratum: Phys.Rev.Lett. 120, 199903 (2018)]"
}

@article{CMS:2012zlv,
    author = "Chatrchyan, Serguei and others",
    collaboration = "CMS",
    title = "{Search for Three-Jet Resonances in $pp$ Collisions at $\sqrt{s}=7$ TeV}",
    eprint = "1208.2931",
    archivePrefix = "arXiv",
    primaryClass = "hep-ex",
    reportNumber = "CMS-EXO-11-060, CERN-PH-EP-2012-225",
    doi = "10.1016/j.physletb.2012.10.048",
    journal = "Phys. Lett. B",
    volume = "718",
    pages = "329--347",
    year = "2012"
}

@article{CMS:2012bkc,
    author = "Chatrchyan, Serguei and others",
    collaboration = "CMS",
    title = "{Study of the Dijet Mass Spectrum in $pp \to W +$ Jets Events at $\sqrt{s}=7$ TeV}",
    eprint = "1208.3477",
    archivePrefix = "arXiv",
    primaryClass = "hep-ex",
    reportNumber = "CMS-EWK-11-017, CERN-PH-EP-2012-226",
    doi = "10.1103/PhysRevLett.109.251801",
    journal = "Phys. Rev. Lett.",
    volume = "109",
    pages = "251801",
    year = "2012"
}

@article{CMS:2012xce,
    author = "Chatrchyan, Serguei and others",
    collaboration = "CMS",
    title = "{Search for Supersymmetry in Events with b-Quark Jets and Missing Transverse Energy in pp Collisions at 7 TeV}",
    eprint = "1208.4859",
    archivePrefix = "arXiv",
    primaryClass = "hep-ex",
    reportNumber = "CMS-SUS-12-003, CERN-PH-EP-2012-240",
    doi = "10.1103/PhysRevD.86.072010",
    journal = "Phys. Rev. D",
    volume = "86",
    pages = "072010",
    year = "2012"
}

@article{CMS:2012tas,
    author = "Chatrchyan, Serguei and others",
    collaboration = "CMS",
    title = "{Search for Stopped Long-Lived Particles Produced in $pp$ Collisions at $\sqrt{s}=7$ TeV}",
    eprint = "1207.0106",
    archivePrefix = "arXiv",
    primaryClass = "hep-ex",
    reportNumber = "CMS-EXO-11-020, CERN-PH-EP-2012-170",
    doi = "10.1007/JHEP08(2012)026",
    journal = "JHEP",
    volume = "08",
    pages = "026",
    year = "2012"
}

@article{CMS:2012idp,
    author = "Chatrchyan, Serguei and others",
    collaboration = "CMS",
    title = "{Search for New Physics with Long-Lived Particles Decaying to Photons and Missing Energy in $pp$ Collisions at $\sqrt{s}=7$ TeV}",
    eprint = "1207.0627",
    archivePrefix = "arXiv",
    primaryClass = "hep-ex",
    reportNumber = "CERN-PH-EP-2012-164, CMS-EXO-11-067",
    doi = "10.1007/JHEP11(2012)172",
    journal = "JHEP",
    volume = "11",
    pages = "172",
    year = "2012"
}

@article{CMS:2012xok,
    author = "Chatrchyan, Serguei and others",
    collaboration = "CMS",
    title = "{Search for a Fermiophobic Higgs Boson in $pp$ Collisions at $\sqrt{s}=7$ TeV}",
    eprint = "1207.1130",
    archivePrefix = "arXiv",
    primaryClass = "hep-ex",
    reportNumber = "CMS-HIG-12-009, CERN-PH-EP-2012-174",
    doi = "10.1007/JHEP09(2012)111",
    journal = "JHEP",
    volume = "09",
    pages = "111",
    year = "2012"
}

@article{CMS:2012jyl,
    author = "Chatrchyan, Serguei and others",
    collaboration = "CMS",
    title = "{Search for Supersymmetry in Hadronic Final States using MT2 in $pp$ Collisions at $\sqrt{s} = 7$ TeV}",
    eprint = "1207.1798",
    archivePrefix = "arXiv",
    primaryClass = "hep-ex",
    reportNumber = "CMS-SUS-12-002, CERN-PH-EP-2012-186",
    doi = "10.1007/JHEP10(2012)018",
    journal = "JHEP",
    volume = "10",
    pages = "018",
    year = "2012"
}

@article{CMS:2012yfb,
    author = "Chatrchyan, Serguei and others",
    collaboration = "CMS",
    title = "{Search for New Physics in the Multijet and Missing Transverse Momentum Final State in Proton-Proton Collisions at $\sqrt{s} = 7$ TeV}",
    eprint = "1207.1898",
    archivePrefix = "arXiv",
    primaryClass = "hep-ex",
    reportNumber = "CMS-SUS-12-011, CERN-PH-EP-2012-184",
    doi = "10.1103/PhysRevLett.109.171803",
    journal = "Phys. Rev. Lett.",
    volume = "109",
    pages = "171803",
    year = "2012"
}

@article{CMS:2012rmf,
    author = "Chatrchyan, Serguei and others",
    collaboration = "CMS",
    title = "{Measurement of the Underlying Event Activity in $pp$ Collisions at $\sqrt{s} = 0.9$ and 7 TeV with the Novel Jet-Area/Median Approach}",
    eprint = "1207.2392",
    archivePrefix = "arXiv",
    primaryClass = "hep-ex",
    reportNumber = "CMS-QCD-10-021, CERN-PH-EP-2012-152",
    doi = "10.1007/JHEP08(2012)130",
    journal = "JHEP",
    volume = "08",
    pages = "130",
    year = "2012"
}

@article{CMS:2012dun,
    author = "Chatrchyan, Serguei and others",
    collaboration = "CMS",
    title = "{A Search for a Doubly-Charged Higgs Boson in $pp$ Collisions at $\sqrt{s}=7$ TeV}",
    eprint = "1207.2666",
    archivePrefix = "arXiv",
    primaryClass = "hep-ex",
    reportNumber = "CMS-HIG-12-005, CERN-PH-EP-2012-169",
    doi = "10.1140/epjc/s10052-012-2189-5",
    journal = "Eur. Phys. J. C",
    volume = "72",
    pages = "2189",
    year = "2012"
}

@article{CMS:2012zgh,
    author = "Chatrchyan, Serguei and others",
    collaboration = "CMS",
    title = "{Forward-Backward Asymmetry of Drell-Yan Lepton Pairs in $pp$ Collisions at $\sqrt{s} = 7$ TeV}",
    eprint = "1207.3973",
    archivePrefix = "arXiv",
    primaryClass = "hep-ex",
    reportNumber = "CMS-EWK-11-004, CERN-PH-EP-2012-187",
    doi = "10.1016/j.physletb.2012.10.082",
    journal = "Phys. Lett. B",
    volume = "718",
    pages = "752--772",
    year = "2013"
}

@article{CMS:2012xvn,
    author = "Chatrchyan, Serguei and others",
    collaboration = "CMS",
    title = "{Study of the Inclusive Production of Charged Pions, Kaons, and Protons in $pp$ Collisions at $\sqrt{s}=0.9$, 2.76, and 7 TeV}",
    eprint = "1207.4724",
    archivePrefix = "arXiv",
    primaryClass = "hep-ex",
    reportNumber = "CMS-FSQ-12-014, CERN-PH-EP-2012-202",
    doi = "10.1140/epjc/s10052-012-2164-1",
    journal = "Eur. Phys. J. C",
    volume = "72",
    pages = "2164",
    year = "2012"
}

@article{CMS:2012iln,
    author = "Chatrchyan, Serguei and others",
    collaboration = "CMS",
    title = "{Search for Pair Production of First- and Second-Generation Scalar Leptoquarks in $pp$ Collisions at $\sqrt{s}= 7$ TeV}",
    eprint = "1207.5406",
    archivePrefix = "arXiv",
    primaryClass = "hep-ex",
    reportNumber = "CMS-EXO-11-028, CERN-PH-EP-2012-193",
    doi = "10.1103/PhysRevD.86.052013",
    journal = "Phys. Rev. D",
    volume = "86",
    pages = "052013",
    year = "2012"
}

@article{CMS:2012wqj,
    author = "Chatrchyan, Serguei and others",
    collaboration = "CMS",
    title = "{Search for heavy Majorana Neutrinos in $\mu^{\pm}\mu^{\pm} +$ Jets and $e^{\pm}e^{\pm} +$ Jets Events in pp Collisions at $\sqrt{s} =$ 7 TeV}",
    eprint = "1207.6079",
    archivePrefix = "arXiv",
    primaryClass = "hep-ex",
    reportNumber = "CMS-EXO-11-076, CERN-PH-EP-2012-203",
    doi = "10.1016/j.physletb.2012.09.012",
    journal = "Phys. Lett. B",
    volume = "717",
    pages = "109--128",
    year = "2012"
}

@article{CMS:2012foj,
    author = "Chatrchyan, Serguei and others",
    collaboration = "CMS",
    title = "{Search for a $W^\prime$ or $\rho_{TC}$ Decaying into $WZ$ in $pp$ Collisions at $\sqrt{s}=7$ TeV}",
    eprint = "1206.0433",
    archivePrefix = "arXiv",
    primaryClass = "hep-ex",
    reportNumber = "CMS-EXO-11-041, CERN-PH-EP-2012-150",
    doi = "10.1103/PhysRevLett.109.141801",
    journal = "Phys. Rev. Lett.",
    volume = "109",
    pages = "141801",
    year = "2012"
}

@article{CMS:2012lkx,
    author = "Chatrchyan, Serguei and others",
    collaboration = "CMS",
    title = "{Search for High-Mass Resonances Decaying into $\tau$-Lepton Pairs in pp Collisions at $\sqrt{s}=7$ TeV}",
    eprint = "1206.1725",
    archivePrefix = "arXiv",
    primaryClass = "hep-ex",
    reportNumber = "CMS-EXO-11-031, CERN-PH-EP-2012-137",
    doi = "10.1016/j.physletb.2012.07.062",
    journal = "Phys. Lett. B",
    volume = "716",
    pages = "82--102",
    year = "2012"
}

@article{CMS:2012byh,
    author = "Chatrchyan, Serguei and others",
    collaboration = "CMS",
    title = "{Search for Narrow Resonances in Dilepton Mass Spectra in $pp$ Collisions at $\sqrt{s}=7$ TeV}",
    eprint = "1206.1849",
    archivePrefix = "arXiv",
    primaryClass = "hep-ex",
    reportNumber = "CMS-EXO-11-019, CERN-PH-EP-2012-157",
    doi = "10.1016/j.physletb.2012.06.051",
    journal = "Phys. Lett. B",
    volume = "714",
    pages = "158--179",
    year = "2012"
}

@article{CMS:2012ivw,
    author = "Chatrchyan, Serguei and others",
    collaboration = "CMS",
    title = "{Measurement of the Electron Charge Asymmetry in Inclusive $W$ Production in $pp$ Collisions at $\sqrt{s}=7$ TeV}",
    eprint = "1206.2598",
    archivePrefix = "arXiv",
    primaryClass = "hep-ex",
    reportNumber = "CMS-SMP-12-001, CERN-PH-EP-2012-151",
    doi = "10.1103/PhysRevLett.109.111806",
    journal = "Phys. Rev. Lett.",
    volume = "109",
    pages = "111806",
    year = "2012"
}

@article{CMS:2012gqb,
    author = "Chatrchyan, Serguei and others",
    collaboration = "CMS",
    title = "{Search for Charge-Asymmetric Production of W$′$ Bosons in $t\bar{t} +$ Jet Events from pp Collisions at $\sqrt{s} =$ 7 TeV}",
    eprint = "1206.3921",
    archivePrefix = "arXiv",
    primaryClass = "hep-ex",
    reportNumber = "CMS-EXO-11-056, CERN-PH-EP-2012-166",
    doi = "10.1016/j.physletb.2012.09.048",
    journal = "Phys. Lett. B",
    volume = "717",
    pages = "351--370",
    year = "2012"
}

@article{CMS:2012wpc,
    author = "Chatrchyan, Serguei and others",
    collaboration = "CMS",
    title = "{Search for New Physics in Events with Opposite-Sign Leptons, Jets, and Missing Transverse Energy in $pp$ Collisions at $\sqrt{s}=7$ TeV}",
    eprint = "1206.3949",
    archivePrefix = "arXiv",
    primaryClass = "hep-ex",
    reportNumber = "CMS-SUS-11-011, CERN-PH-EP-2012-156",
    doi = "10.1016/j.physletb.2012.11.036",
    journal = "Phys. Lett. B",
    volume = "718",
    pages = "815--840",
    year = "2013"
}

@article{CMS:2012nsv,
    author = "Chatrchyan, Serguei and others",
    collaboration = "CMS",
    title = "{Performance of CMS Muon Reconstruction in $pp$ Collision Events at $\sqrt{s}=7$ TeV}",
    eprint = "1206.4071",
    archivePrefix = "arXiv",
    primaryClass = "physics.ins-det",
    reportNumber = "CMS-MUO-10-004, CERN-PH-EP-2012-173",
    doi = "10.1088/1748-0221/7/10/P10002",
    journal = "JINST",
    volume = "7",
    pages = "P10002",
    year = "2012"
}

@article{CMS:2012ucb,
    author = "Chatrchyan, Serguei and others",
    collaboration = "CMS",
    title = "{Search for Dark Matter and Large Extra Dimensions in Monojet Events in $pp$ Collisions at $\sqrt{s}=7$ TeV}",
    eprint = "1206.5663",
    archivePrefix = "arXiv",
    primaryClass = "hep-ex",
    reportNumber = "CMS-EXO-11-059, CERN-PH-EP-2012-168",
    doi = "10.1007/JHEP09(2012)094",
    journal = "JHEP",
    volume = "09",
    pages = "094",
    year = "2012"
}

@article{CMS:2012fgd,
    author = "Chatrchyan, Serguei and others",
    collaboration = "CMS",
    title = "{Search for a Light Pseudoscalar Higgs Boson in the Dimuon Decay Channel in $pp$ Collisions at $\sqrt{s}=7$ TeV}",
    eprint = "1206.6326",
    archivePrefix = "arXiv",
    primaryClass = "hep-ex",
    reportNumber = "CMS-HIG-12-004, CERN-PH-EP-2012-176",
    doi = "10.1103/PhysRevLett.109.121801",
    journal = "Phys. Rev. Lett.",
    volume = "109",
    pages = "121801",
    year = "2012"
}

@article{CMS:2012ytf,
    author = "Chatrchyan, Serguei and others",
    collaboration = "CMS",
    title = "{Studies of Jet Quenching using Isolated-Photon + Jet Correlations in PbPb and $pp$ Collisions at $\sqrt{s_{NN}}=2.76$ TeV}",
    eprint = "1205.0206",
    archivePrefix = "arXiv",
    primaryClass = "nucl-ex",
    reportNumber = "CMS-HIN-11-010, CERN-PH-EP-2012-089",
    doi = "10.1016/j.physletb.2012.11.003",
    journal = "Phys. Lett. B",
    volume = "718",
    pages = "773--794",
    year = "2013"
}

@article{CMS:2012wcg,
    author = "Chatrchyan, Serguei and others",
    collaboration = "CMS",
    title = "{Search for Heavy Long-Lived Charged Particles in $pp$ Collisions at $\sqrt{s}=7$ TeV}",
    eprint = "1205.0272",
    archivePrefix = "arXiv",
    primaryClass = "hep-ex",
    reportNumber = "CMS-EXO-11-022, CERN-PH-EP-2012-093",
    doi = "10.1016/j.physletb.2012.06.023",
    journal = "Phys. Lett. B",
    volume = "713",
    pages = "408--433",
    year = "2012"
}

@article{CMS:2012wje,
    author = "Chatrchyan, Serguei and others",
    collaboration = "CMS",
    title = "{Measurement of the $\Lambda_b$ Cross Section and the ${\bar{\Lambda}_b}$ to $\Lambda_b$ Ratio with $J/\Psi \Lambda$ Decays in $pp$ Collisions at $\sqrt{s}=7$ TeV}",
    eprint = "1205.0594",
    archivePrefix = "arXiv",
    primaryClass = "hep-ex",
    reportNumber = "CMS-BPH-11-007, CERN-PH-EP-2012-124",
    doi = "10.1016/j.physletb.2012.05.063",
    journal = "Phys. Lett. B",
    volume = "714",
    pages = "136--157",
    year = "2012"
}

@article{CMS:2012krf,
    author = "Chatrchyan, Serguei and others",
    collaboration = "CMS",
    title = "{Measurement of the Pseudorapidity and Centrality Dependence of the Transverse Energy Density in PbPb Collisions at $\sqrt{s_{NN}}=2.76$ TeV}",
    eprint = "1205.2488",
    archivePrefix = "arXiv",
    primaryClass = "nucl-ex",
    reportNumber = "CMS-HIN-11-003, CERN-PH-EP-2012-116",
    doi = "10.1103/PhysRevLett.109.152303",
    journal = "Phys. Rev. Lett.",
    volume = "109",
    pages = "152303",
    year = "2012"
}

@article{CMS:2012ggh,
    author = "Chatrchyan, Serguei and others",
    collaboration = "CMS",
    title = "{Search for New Physics in Events with Same-Sign Dileptons and $b$-Tagged Jets in $pp$ Collisions at $\sqrt{s}=7$ TeV}",
    eprint = "1205.3933",
    archivePrefix = "arXiv",
    primaryClass = "hep-ex",
    reportNumber = "CMS-SUS-11-020, CERN-PH-EP-2012-127",
    doi = "10.1007/JHEP08(2012)110",
    journal = "JHEP",
    volume = "08",
    pages = "110",
    year = "2012"
}

@article{CMS:2012fgz,
    author = "Chatrchyan, Serguei and others",
    collaboration = "CMS",
    title = "{Search for a Light Charged Higgs Boson in Top Quark Decays in $pp$ Collisions at $\sqrt{s}=7$ TeV}",
    eprint = "1205.5736",
    archivePrefix = "arXiv",
    primaryClass = "hep-ex",
    reportNumber = "CMS-HIG-11-019, CERN-PH-EP-2012-123",
    doi = "10.1007/JHEP07(2012)143",
    journal = "JHEP",
    volume = "07",
    pages = "143",
    year = "2012"
}

@article{CMS:2012nro,
    author = "Chatrchyan, Serguei and others",
    collaboration = "CMS",
    title = "{Measurement of Jet Fragmentation into Charged Particles in $pp$ and PbPb Collisions at $\sqrt{s_{NN}}=2.76$ TeV}",
    eprint = "1205.5872",
    archivePrefix = "arXiv",
    primaryClass = "nucl-ex",
    reportNumber = "CMS-HIN-11-004, CERN-PH-EP-2012-143",
    doi = "10.1007/JHEP10(2012)087",
    journal = "JHEP",
    volume = "10",
    pages = "087",
    year = "2012"
}

@article{CMS:2012fgk,
    author = "Chatrchyan, Serguei and others",
    collaboration = "CMS",
    title = "{Study of $W$ Boson Production in PbPb and $pp$ Collisions at $\sqrt{s_{NN}}=2.76$ TeV}",
    eprint = "1205.6334",
    archivePrefix = "arXiv",
    primaryClass = "nucl-ex",
    reportNumber = "CMS-HIN-11-008, CERN-PH-EP-2012-144",
    doi = "10.1016/j.physletb.2012.07.025",
    journal = "Phys. Lett. B",
    volume = "715",
    pages = "66--87",
    year = "2012"
}

@article{CMS:2012baj,
    author = "Chatrchyan, Serguei and others",
    collaboration = "CMS",
    title = "{Search for New Physics with Same-Sign Isolated Dilepton Events with Jets and Missing Transverse Energy}",
    eprint = "1205.6615",
    archivePrefix = "arXiv",
    primaryClass = "hep-ex",
    reportNumber = "CMS-SUS-11-010, CERN-PH-EP-2012-159",
    doi = "10.1103/PhysRevLett.109.071803",
    journal = "Phys. Rev. Lett.",
    volume = "109",
    pages = "071803",
    year = "2012"
}

@article{CMS:2012xfg,
    author = "Chatrchyan, Serguei and others",
    collaboration = "CMS",
    title = "{Ratios of Dijet Production Cross Sections as a Function of the Absolute Difference in Rapidity between Jets in Proton-Proton Collisions at $\sqrt{s}=7$ TeV}",
    eprint = "1204.0696",
    archivePrefix = "arXiv",
    primaryClass = "hep-ex",
    reportNumber = "CMS-FWD-10-014, CERN-PH-EP-2012-088",
    doi = "10.1140/epjc/s10052-012-2216-6",
    journal = "Eur. Phys. J. C",
    volume = "72",
    pages = "2216",
    year = "2012"
}

@article{CMS:2012lmn,
    author = "Chatrchyan, Serguei and others",
    collaboration = "CMS",
    title = "{Search for Dark Matter and Large Extra Dimensions in pp Collisions Yielding a Photon and Missing Transverse Energy}",
    eprint = "1204.0821",
    archivePrefix = "arXiv",
    primaryClass = "hep-ex",
    reportNumber = "CMS-EXO-11-096, CERN-PH-EP-2012-084",
    doi = "10.1103/PhysRevLett.108.261803",
    journal = "Phys. Rev. Lett.",
    volume = "108",
    pages = "261803",
    year = "2012"
}

@article{CMS:2012jki,
    author = "Chatrchyan, Serguei and others",
    collaboration = "CMS",
    title = "{Search for Heavy Bottom-like Quarks in 4.9 $fb^{-1}$ of $pp$ Collisions at $\sqrt{s}=7$ TeV}",
    eprint = "1204.1088",
    archivePrefix = "arXiv",
    primaryClass = "hep-ex",
    reportNumber = "CMS-EXO-11-036, CERN-PH-EP-2012-100",
    doi = "10.1007/JHEP05(2012)123",
    journal = "JHEP",
    volume = "05",
    pages = "123",
    year = "2012"
}

@article{CMS:2012oqb,
    author = "Chatrchyan, Serguei and others",
    collaboration = "CMS",
    title = "{Measurement of the Underlying Event in the Drell-Yan Process in Proton-Proton Collisions at $\sqrt{s}=7$ TeV}",
    eprint = "1204.1411",
    archivePrefix = "arXiv",
    primaryClass = "hep-ex",
    reportNumber = "CMS-QCD-11-012, CERN-PH-EP-2012-085",
    doi = "10.1140/epjc/s10052-012-2080-4",
    journal = "Eur. Phys. J. C",
    volume = "72",
    pages = "2080",
    year = "2012"
}

@article{CMS:2012zex,
    author = "Chatrchyan, Serguei and others",
    collaboration = "CMS",
    title = "{Measurement of the Elliptic Anisotropy of Charged Particles Produced in PbPb Collisions at $\sqrt{s}_{NN}$=2.76 TeV}",
    eprint = "1204.1409",
    archivePrefix = "arXiv",
    primaryClass = "nucl-ex",
    reportNumber = "CMS-HIN-10-002, CERN-PH-EP-2012-095",
    doi = "10.1103/PhysRevC.87.014902",
    journal = "Phys. Rev. C",
    volume = "87",
    number = "1",
    pages = "014902",
    year = "2013"
}

@article{CMS:2012esl,
    author = "Chatrchyan, Serguei and others",
    collaboration = "CMS",
    title = "{Measurement of the Z/$\gamma$*+b-jet Cross Section in $pp$ Collisions at $\sqrt{s} = 7 TeV$}",
    eprint = "1204.1643",
    archivePrefix = "arXiv",
    primaryClass = "hep-ex",
    reportNumber = "CMS-EWK-11-012, CERN-PH-EP-2012-049",
    doi = "10.1007/JHEP06(2012)126",
    journal = "JHEP",
    volume = "06",
    pages = "126",
    year = "2012"
}

@article{CMS:2012tqw,
    author = "Chatrchyan, Serguei and others",
    collaboration = "CMS",
    title = "{Azimuthal Anisotropy of Charged Particles at High Transverse Momenta in PbPb Collisions at $\sqrt{s_{NN}}= 2.76$ TeV}",
    eprint = "1204.1850",
    archivePrefix = "arXiv",
    primaryClass = "nucl-ex",
    reportNumber = "CMS-HIN-11-012, CERN-PH-EP-2012-096",
    doi = "10.1103/PhysRevLett.109.022301",
    journal = "Phys. Rev. Lett.",
    volume = "109",
    pages = "022301",
    year = "2012"
}

@article{CMS:2012bti,
    author = "Chatrchyan, Serguei and others",
    collaboration = "CMS",
    title = "{Search for Anomalous $t\bar{t}$ Production in the Highly-Boosted All-Hadronic Final State}",
    eprint = "1204.2488",
    archivePrefix = "arXiv",
    primaryClass = "hep-ex",
    reportNumber = "CMS-EXO-11-006, CERN-PH-EP-2012-077",
    doi = "10.1007/JHEP09(2012)029",
    journal = "JHEP",
    volume = "09",
    pages = "029",
    year = "2012",
    note = "[Erratum: JHEP 03, 132 (2014)]"
}

@article{CMS:2012hzy,
    author = "Chatrchyan, Serguei and others",
    collaboration = "CMS",
    title = "{Measurement of the Mass Difference between Top and Antitop Quarks}",
    eprint = "1204.2807",
    archivePrefix = "arXiv",
    primaryClass = "hep-ex",
    reportNumber = "CMS-TOP-11-019, CERN-PH-EP-2012-104",
    doi = "10.1007/JHEP06(2012)109",
    journal = "JHEP",
    volume = "06",
    pages = "109",
    year = "2012"
}

@article{CMS:2012oyn,
    author = "Chatrchyan, Serguei and others",
    collaboration = "CMS",
    title = "{Shape, Transverse Size, and Charged Hadron Multiplicity of Jets in pp Collisions at 7 TeV}",
    eprint = "1204.3170",
    archivePrefix = "arXiv",
    primaryClass = "hep-ex",
    reportNumber = "CMS-QCD-10-029, CERN-PH-EP-2012-079",
    doi = "10.1007/JHEP06(2012)160",
    journal = "JHEP",
    volume = "06",
    pages = "160",
    year = "2012"
}

@article{CMS:2012iqa,
    author = "Chatrchyan, Serguei and others",
    collaboration = "CMS",
    title = "{Search for Physics Beyond the Standard Model in Events with a $Z$ Boson, Jets, and Missing Transverse Energy in $pp$ Collisions at $\sqrt{s}=7$ TeV}",
    eprint = "1204.3774",
    archivePrefix = "arXiv",
    primaryClass = "hep-ex",
    reportNumber = "CMS-SUS-11-021, CERN-PH-EP-2012-029",
    doi = "10.1016/j.physletb.2012.08.026",
    journal = "Phys. Lett. B",
    volume = "716",
    pages = "260--284",
    year = "2012"
}

@article{CMS:2012mwz,
    author = "Chatrchyan, Serguei and others",
    collaboration = "CMS",
    title = "{Search for Leptonic Decays of $W^{\prime}$ Bosons in $pp$ Collisions at $\sqrt{s}=7$ TeV}",
    eprint = "1204.4764",
    archivePrefix = "arXiv",
    primaryClass = "hep-ex",
    reportNumber = "CMS-EXO-11-024, CERN-PH-EP-2012-103",
    doi = "10.1007/JHEP08(2012)023",
    journal = "JHEP",
    volume = "08",
    pages = "023",
    year = "2012"
}

@article{CMS:2012rdk,
    author = "Chatrchyan, Serguei and others",
    collaboration = "CMS",
    title = "{Search for Anomalous Production of Multilepton Events in $pp$ Collisions at $\sqrt{s}=7$ TeV}",
    eprint = "1204.5341",
    archivePrefix = "arXiv",
    primaryClass = "hep-ex",
    reportNumber = "CMS-SUS-11-013, CERN-PH-EP-2012-110",
    doi = "10.1007/JHEP06(2012)169",
    journal = "JHEP",
    volume = "06",
    pages = "169",
    year = "2012"
}

@article{CMS:2012frl,
    author = "Chatrchyan, Serguei and others",
    collaboration = "CMS",
    title = "{Observation of a new $\Xi_{b}$ Baryon}",
    eprint = "1204.5955",
    archivePrefix = "arXiv",
    primaryClass = "hep-ex",
    reportNumber = "CMS-BPH-12-001, CERN-PH-EP-2012-118",
    doi = "10.1103/PhysRevLett.108.252002",
    journal = "Phys. Rev. Lett.",
    volume = "108",
    pages = "252002",
    year = "2012"
}

@article{CMS:2012xsp,
    author = "Chatrchyan, Serguei and others",
    collaboration = "CMS",
    title = "{Measurement of the Inclusive Cross Section $\sigma (pp \to b\bar{b} X \to \mu \mu X^{\prime}$ at $\sqrt{s}=7$ TeV}",
    eprint = "1203.3458",
    archivePrefix = "arXiv",
    primaryClass = "hep-ex",
    reportNumber = "CMS-BPH-10-015, CERN-PH-EP-2012-057",
    doi = "10.1007/JHEP06(2012)110",
    journal = "JHEP",
    volume = "06",
    pages = "110",
    year = "2012"
}

@article{CMS:2012fue,
    author = "Chatrchyan, Serguei and others",
    collaboration = "CMS",
    title = "{Search for $B^0_s \to \mu^+ \mu^-$ and $B^0 \to \mu^+ \mu^-$ decays}",
    eprint = "1203.3976",
    archivePrefix = "arXiv",
    primaryClass = "hep-ex",
    reportNumber = "CMS-BPH-11-020, CERN-PH-EP-2012-086",
    doi = "10.1007/JHEP04(2012)033",
    journal = "JHEP",
    volume = "04",
    pages = "033",
    year = "2012"
}

@article{CMS:2012ab,
    author = "Chatrchyan, Serguei and others",
    collaboration = "CMS",
    title = "{Search for Heavy, Top-Like Quark Pair Production in the Dilepton Final State in $pp$ Collisions at $\sqrt{s} = 7$ TeV}",
    eprint = "1203.5410",
    archivePrefix = "arXiv",
    primaryClass = "hep-ex",
    reportNumber = "CMS-EXO-11-050, CERN-PH-EP-2012-081",
    doi = "10.1016/j.physletb.2012.07.059",
    journal = "Phys. Lett. B",
    volume = "716",
    pages = "103--121",
    year = "2012"
}

@article{CMS:2012ahl,
    author = "Chatrchyan, Serguei and others",
    collaboration = "CMS",
    title = "{Measurement of the Top Quark Pair Production Cross Section in $pp$ Collisions at $\sqrt{s} = 7$ TeV in Dilepton Final States Containing a $\tau$}",
    eprint = "1203.6810",
    archivePrefix = "arXiv",
    primaryClass = "hep-ex",
    reportNumber = "CMS-TOP-11-006, CERN-PH-EP-2012-078",
    doi = "10.1103/PhysRevD.85.112007",
    journal = "Phys. Rev. D",
    volume = "85",
    pages = "112007",
    year = "2012"
}

@article{CMS:2012rfo,
    author = "Chatrchyan, Serguei and others",
    collaboration = "CMS",
    title = "{Measurement of the Inclusive Production Cross Sections for Forward Jets and for Dijet Events with One Forward and One Central Jet in $pp$ Collisions at $\sqrt{s}=7$ TeV}",
    eprint = "1202.0704",
    archivePrefix = "arXiv",
    primaryClass = "hep-ex",
    reportNumber = "CMS-FWD-11-002, CERN-PH-EP-2011-179",
    doi = "10.1007/JHEP06(2012)036",
    journal = "JHEP",
    volume = "06",
    pages = "036",
    year = "2012"
}

@article{CMS:2012rth,
    author = "Chatrchyan, Serguei and others",
    collaboration = "CMS",
    title = "{Search for a Higgs Boson in the Decay Channel $H \to ZZ^* \to q\bar{q}\ell^- \ell^+$ in $ pp$ Collisions at $\sqrt{s}=7$ TeV}",
    eprint = "1202.1416",
    archivePrefix = "arXiv",
    primaryClass = "hep-ex",
    reportNumber = "CMS-HIG-11-027, CERN-PH-EP-2012-028",
    doi = "10.1007/JHEP04(2012)036",
    journal = "JHEP",
    volume = "04",
    pages = "036",
    year = "2012"
}

@article{CMS:2012hfp,
    author = "Chatrchyan, Serguei and others",
    collaboration = "CMS",
    title = "{Search for the Standard Model Higgs Boson Decaying into Two Photons in $pp$ Collisions at $\sqrt{s}=7$ TeV}",
    eprint = "1202.1487",
    archivePrefix = "arXiv",
    primaryClass = "hep-ex",
    reportNumber = "CMS-HIG-11-033, CERN-PH-EP-2012-024",
    doi = "10.1016/j.physletb.2012.03.003",
    journal = "Phys. Lett. B",
    volume = "710",
    pages = "403--425",
    year = "2012"
}

@article{CMS:2012zhx,
    author = "Chatrchyan, Serguei and others",
    collaboration = "CMS",
    title = "{Combined Results of Searches for the Standard Model Higgs Boson in $pp$ Collisions at $\sqrt{s}=7$ TeV}",
    eprint = "1202.1488",
    archivePrefix = "arXiv",
    primaryClass = "hep-ex",
    reportNumber = "CMS-HIG-11-032, CERN-PH-EP-2012-023",
    doi = "10.1016/j.physletb.2012.02.064",
    journal = "Phys. Lett. B",
    volume = "710",
    pages = "26--48",
    year = "2012"
}

@article{CMS:2012zbs,
    author = "Chatrchyan, Serguei and others",
    collaboration = "CMS",
    title = "{Search for the Standard Model Higgs Boson Decaying to $W^+W^−$ in the Fully Leptonic Final State in $pp$ Collisions at $\sqrt{s}=7$ TeV}",
    eprint = "1202.1489",
    archivePrefix = "arXiv",
    primaryClass = "hep-ex",
    reportNumber = "CMS-HIG-11-024, CERN-PH-EP-2012-018",
    doi = "10.1016/j.physletb.2012.02.076",
    journal = "Phys. Lett. B",
    volume = "710",
    pages = "91--113",
    year = "2012"
}

@article{CMS:2012uyg,
    author = "Chatrchyan, Serguei and others",
    collaboration = "CMS",
    title = "{Search for the Standard Model Higgs Boson in the Decay Channel $H$ to $Z Z$ to 4 Leptons in $pp$ Collisions at $\sqrt{s}=7$ TeV}",
    eprint = "1202.1997",
    archivePrefix = "arXiv",
    primaryClass = "hep-ex",
    reportNumber = "CMS-HIG-11-025, CERN-PH-EP-2012-025",
    doi = "10.1103/PhysRevLett.108.111804",
    journal = "Phys. Rev. Lett.",
    volume = "108",
    pages = "111804",
    year = "2012"
}

@article{CMS:2012aa,
    author = "Chatrchyan, Serguei and others",
    collaboration = "CMS",
    title = "{Study of High-pT Charged Particle Suppression in PbPb Compared to $pp$ Collisions at $\sqrt{s_{NN}}=2.76$ TeV}",
    eprint = "1202.2554",
    archivePrefix = "arXiv",
    primaryClass = "nucl-ex",
    reportNumber = "CMS-HIN-10-005, CERN-PH-EP-2012-043",
    doi = "10.1140/epjc/s10052-012-1945-x",
    journal = "Eur. Phys. J. C",
    volume = "72",
    pages = "1945",
    year = "2012"
}

@article{CMS:2012oar,
    author = "Chatrchyan, Serguei and others",
    collaboration = "CMS",
    title = "{Search for the Standard Model Higgs Boson in the $H \to ZZ \to \ell^+ \ell^- \tau^+ \tau^-$ Decay Channel in $pp$ Collisions at $\sqrt{s}=7$ TeV}",
    eprint = "1202.3617",
    archivePrefix = "arXiv",
    primaryClass = "hep-ex",
    reportNumber = "CMS-HIG-11-028, CERN-PH-EP-2012-038",
    doi = "10.1007/JHEP03(2012)081",
    journal = "JHEP",
    volume = "03",
    pages = "081",
    year = "2012"
}

@article{CMS:2012qjb,
    author = "Chatrchyan, Serguei and others",
    collaboration = "CMS",
    title = "{Search for the Standard Model Higgs Boson in the $H \to ZZ \to 2\ell2\nu$ Channel in $pp$ Collisions at $\sqrt{s}=7$ TeV}",
    eprint = "1202.3478",
    archivePrefix = "arXiv",
    primaryClass = "hep-ex",
    reportNumber = "CMS-HIG-11-026, CERN-PH-EP-2012-033",
    doi = "10.1007/JHEP03(2012)040",
    journal = "JHEP",
    volume = "03",
    pages = "040",
    year = "2012"
}

@article{CMS:2012vzw,
    author = "Chatrchyan, Serguei and others",
    collaboration = "CMS",
    title = "{Search for Large Extra Dimensions in Dimuon and Dielectron Events in $pp$ Collisions at $\sqrt{s} = 7$ TeV}",
    eprint = "1202.3827",
    archivePrefix = "arXiv",
    primaryClass = "hep-ex",
    reportNumber = "CMS-EXO-11-087, CERN-PH-EP-2012-037",
    doi = "10.1016/j.physletb.2012.03.029",
    journal = "Phys. Lett. B",
    volume = "711",
    pages = "15--34",
    year = "2012"
}

@article{CMS:2012bkm,
    author = "Chatrchyan, Serguei and others",
    collaboration = "CMS",
    title = "{Search for Neutral Higgs Bosons Decaying to Tau Pairs in $pp$ Collisions at $\sqrt{s}=7$ TeV}",
    eprint = "1202.4083",
    archivePrefix = "arXiv",
    primaryClass = "hep-ex",
    reportNumber = "CMS-HIG-11-029, CERN-PH-EP-2012-034",
    doi = "10.1016/j.physletb.2012.05.028",
    journal = "Phys. Lett. B",
    volume = "713",
    pages = "68--90",
    year = "2012"
}

@article{CMS:2012vsj,
    author = "Chatrchyan, Serguei and others",
    collaboration = "CMS",
    title = "{Search for the Standard Model Higgs Boson Decaying to Bottom Quarks in $pp$ Collisions at $\sqrt{s}=7$ TeV}",
    eprint = "1202.4195",
    archivePrefix = "arXiv",
    primaryClass = "hep-ex",
    reportNumber = "CMS-HIG-11-031, CERN-PH-EP-2012-040",
    doi = "10.1016/j.physletb.2012.02.085",
    journal = "Phys. Lett. B",
    volume = "710",
    pages = "284--306",
    year = "2012"
}

@article{CMS:2012pgw,
    author = "Chatrchyan, Serguei and others",
    collaboration = "CMS",
    title = "{Inclusive $b$-Jet Production in $pp$ Collisions at $\sqrt{s}=7$ TeV}",
    eprint = "1202.4617",
    archivePrefix = "arXiv",
    primaryClass = "hep-ex",
    reportNumber = "CMS-BPH-11-022, CERN-PH-EP-2012-036",
    doi = "10.1007/JHEP04(2012)084",
    journal = "JHEP",
    volume = "04",
    pages = "084",
    year = "2012"
}

@article{CMS:2012ulu,
    author = "Chatrchyan, Serguei and others",
    collaboration = "CMS",
    title = "{Jet Momentum Dependence of Jet Quenching in PbPb Collisions at $\sqrt{s_{NN}}=2.76$ TeV}",
    eprint = "1202.5022",
    archivePrefix = "arXiv",
    primaryClass = "nucl-ex",
    reportNumber = "CMS-HIN-11-013, CERN-PH-EP-2012-042",
    doi = "10.1016/j.physletb.2012.04.058",
    journal = "Phys. Lett. B",
    volume = "712",
    pages = "176--197",
    year = "2012"
}

@article{CMS:2012sap,
    author = "Chatrchyan, Serguei and others",
    collaboration = "CMS",
    title = "{Search for Quark Compositeness in Dijet Angular Distributions from $pp$ Collisions at $\sqrt{s}=7$ TeV}",
    eprint = "1202.5535",
    archivePrefix = "arXiv",
    primaryClass = "hep-ex",
    reportNumber = "CMS-EXO-11-017, CERN-PH-EP-2012-044",
    doi = "10.1007/JHEP05(2012)055",
    journal = "JHEP",
    volume = "05",
    pages = "055",
    year = "2012"
}

@article{CMS:2012grf,
    author = "Chatrchyan, Serguei and others",
    collaboration = "CMS",
    title = "{Search for Microscopic Black Holes in $pp$ Collisions at $\sqrt{s}=7$ TeV}",
    eprint = "1202.6396",
    archivePrefix = "arXiv",
    primaryClass = "hep-ex",
    reportNumber = "CMS-EXO-11-071, CERN-PH-EP-2012-045",
    doi = "10.1007/JHEP04(2012)061",
    journal = "JHEP",
    volume = "04",
    pages = "061",
    year = "2012"
}

@article{CMS:2012oiv,
    author = "Chatrchyan, Serguei and others",
    collaboration = "CMS",
    title = "{Measurement of Isolated Photon Production in $pp$ and PbPb Collisions at $\sqrt{s_{NN}}=2.76$ TeV}",
    eprint = "1201.3093",
    archivePrefix = "arXiv",
    primaryClass = "nucl-ex",
    reportNumber = "CMS-HIN-11-002, CERN-PH-EP-2011-221",
    doi = "10.1016/j.physletb.2012.02.077",
    journal = "Phys. Lett. B",
    volume = "710",
    pages = "256--277",
    year = "2012"
}

@article{CMS:2012xss,
    author = "Chatrchyan, Serguei and others",
    collaboration = "CMS",
    title = "{Centrality Dependence of Dihadron Correlations and Azimuthal anisotropy Harmonics in PbPb Collisions at $\sqrt{s_{NN}}=2.76$ TeV}",
    eprint = "1201.3158",
    archivePrefix = "arXiv",
    primaryClass = "nucl-ex",
    reportNumber = "CMS-HIN-11-006, CERN-PH-EP-2011-222",
    doi = "10.1140/epjc/s10052-012-2012-3",
    journal = "Eur. Phys. J. C",
    volume = "72",
    pages = "2012",
    year = "2012"
}

@article{CMS:2012bms,
    author = "Chatrchyan, Serguei and others",
    collaboration = "CMS",
    title = "{Suppression of Non-Prompt $J/\psi$, Prompt $J/\psi$, and Y(1S) in PbPb Collisions at $\sqrt{s_{NN}}=2.76$ TeV}",
    eprint = "1201.5069",
    archivePrefix = "arXiv",
    primaryClass = "nucl-ex",
    reportNumber = "CMS-HIN-10-006, CERN-PH-EP-2011-170",
    doi = "10.1007/JHEP05(2012)063",
    journal = "JHEP",
    volume = "05",
    pages = "063",
    year = "2012"
}

@article{CMS:2011bsw,
    author = "Chatrchyan, Serguei and others",
    collaboration = "CMS",
    title = "{Search for signatures of extra dimensions in the diphoton mass spectrum at the Large Hadron Collider}",
    eprint = "1112.0688",
    archivePrefix = "arXiv",
    primaryClass = "hep-ex",
    reportNumber = "CERN-PH-EP-2011-173, CMS-EXO-11-038",
    doi = "10.1103/PhysRevLett.108.111801",
    journal = "Phys. Rev. Lett.",
    volume = "108",
    pages = "111801",
    year = "2012"
}

@article{CMS:2011rxs,
    author = "Chatrchyan, Serguei and others",
    collaboration = "CMS",
    title = "{$J/\psi$ and $\psi_{2S}$ production in $pp$ collisions at $\sqrt{s}=7$ TeV}",
    eprint = "1111.1557",
    archivePrefix = "arXiv",
    primaryClass = "hep-ex",
    reportNumber = "CMS-BPH-10-014, CERN-PH-EP-2011-177",
    doi = "10.1007/JHEP02(2012)011",
    journal = "JHEP",
    volume = "02",
    pages = "011",
    year = "2012"
}

@article{CMS:2011vma,
    author = "Chatrchyan, Serguei and others",
    collaboration = "CMS",
    title = "{Exclusive photon-photon production of muon pairs in proton-proton collisions at $\sqrt{s}=7$ TeV}",
    eprint = "1111.5536",
    archivePrefix = "arXiv",
    primaryClass = "hep-ex",
    reportNumber = "CERN-PH-EP-2011-187, CMS-FWD-10-005",
    doi = "10.1007/JHEP01(2012)052",
    journal = "JHEP",
    volume = "01",
    pages = "052",
    year = "2012"
}

@article{CMS:2011wic,
    author = "Chatrchyan, Serguei and others",
    collaboration = "CMS",
    title = "{Forward Energy Flow, Central Charged-Particle Multiplicities, and Pseudorapidity Gaps in W and Z Boson Events from pp Collisions at $\sqrt{s}$ = 7 TeV}",
    eprint = "1110.0181",
    archivePrefix = "arXiv",
    primaryClass = "hep-ex",
    reportNumber = "CERN-PH-EP-2011-141, CMS-FWD-10-008",
    doi = "10.1140/epjc/s10052-011-1839-3",
    journal = "Eur. Phys. J. C",
    volume = "72",
    pages = "1839",
    year = "2012"
}

@article{CMS:2011xjg,
    author = "Chatrchyan, Serguei and others",
    collaboration = "CMS",
    title = "{Measurement of energy flow at large pseudorapidities in $pp$ collisions at $\sqrt{s} = 0.9$ and 7 TeV}",
    eprint = "1110.0211",
    archivePrefix = "arXiv",
    primaryClass = "hep-ex",
    reportNumber = "CERN-PH-EP-2011-086, CMS-FWD-10-011",
    doi = "10.1007/JHEP11(2011)148",
    journal = "JHEP",
    volume = "11",
    pages = "148",
    year = "2011",
    note = "[Erratum: JHEP 02, 055 (2012)]"
}

@article{CMS:2011utm,
    author = "Chatrchyan, Serguei and others",
    collaboration = "CMS",
    title = "{Measurement of the weak mixing angle with the Drell-Yan process in proton-proton collisions at the LHC}",
    eprint = "1110.2682",
    archivePrefix = "arXiv",
    primaryClass = "hep-ex",
    reportNumber = "CMS-EWK-11-003, CERN-PH-EP-2011-159",
    doi = "10.1103/PhysRevD.84.112002",
    journal = "Phys. Rev. D",
    volume = "84",
    pages = "112002",
    year = "2011"
}

@article{CMS:2011jak,
    author = "Chatrchyan, Serguei and others",
    collaboration = "CMS",
    title = "{Jet Production Rates in Association with $W$ and $Z$ Bosons in $pp$ Collisions at $\sqrt{s}=7$ TeV}",
    eprint = "1110.3226",
    archivePrefix = "arXiv",
    primaryClass = "hep-ex",
    reportNumber = "CERN-PH-EP-2011-125, CMS-EWK-10-012",
    doi = "10.1007/JHEP01(2012)010",
    journal = "JHEP",
    volume = "01",
    pages = "010",
    year = "2012"
}

@article{CMS:2011wyd,
    author = "Chatrchyan, Serguei and others",
    collaboration = "CMS",
    title = "{Measurement of the Rapidity and Transverse Momentum Distributions of $Z$ Bosons in $pp$ Collisions at $\sqrt{s}=7$ TeV}",
    eprint = "1110.4973",
    archivePrefix = "arXiv",
    primaryClass = "hep-ex",
    reportNumber = "CMS-EWK-10-010, CERN-PH-EP-2011-169",
    doi = "10.1103/PhysRevD.85.032002",
    journal = "Phys. Rev. D",
    volume = "85",
    pages = "032002",
    year = "2012"
}

@article{CMS:2011xtn,
    author = "Chatrchyan, Serguei and others",
    collaboration = "CMS",
    title = "{Measurement of the Production Cross Section for Pairs of Isolated Photons in $pp$ collisions at $\sqrt{s}=7$ TeV}",
    eprint = "1110.6461",
    archivePrefix = "arXiv",
    primaryClass = "hep-ex",
    reportNumber = "CERN-PH-EP-2011-171, CMS-QCD-10-035",
    doi = "10.1007/JHEP01(2012)133",
    journal = "JHEP",
    volume = "01",
    pages = "133",
    year = "2012"
}

@article{CMS:2011bul,
    author = "Chatrchyan, Serguei and others",
    collaboration = "CMS",
    title = "{Search for Supersymmetry at the LHC in Events with Jets and Missing Transverse Energy}",
    eprint = "1109.2352",
    archivePrefix = "arXiv",
    primaryClass = "hep-ex",
    reportNumber = "CERN-PH-EP-2011-138, CMS-SUS-11-003",
    doi = "10.1103/PhysRevLett.107.221804",
    journal = "Phys. Rev. Lett.",
    volume = "107",
    pages = "221804",
    year = "2011"
}

@article{CMS:2011lcm,
    author = "Chatrchyan, Serguei and others",
    collaboration = "CMS",
    title = "{Search for a Vector-like Quark with Charge 2/3 in $t$ + $Z$ Events from $pp$ Collisions at $\sqrt{s}=7$ TeV}",
    eprint = "1109.4985",
    archivePrefix = "arXiv",
    primaryClass = "hep-ex",
    reportNumber = "CERN-PH-EP-2011-139, CMS-EXO-11-005",
    doi = "10.1103/PhysRevLett.107.271802",
    journal = "Phys. Rev. Lett.",
    volume = "107",
    pages = "271802",
    year = "2011"
}

@article{CMS:2011eio,
    author = "Chatrchyan, Serguei and others",
    collaboration = "CMS",
    title = "{Performance of tau-lepton reconstruction and identification in CMS}",
    eprint = "1109.6034",
    archivePrefix = "arXiv",
    primaryClass = "physics.ins-det",
    reportNumber = "CERN-PH-EP-2011-137, CMS-TAU-11-001",
    doi = "10.1088/1748-0221/7/01/P01001",
    journal = "JINST",
    volume = "7",
    pages = "P01001",
    year = "2012"
}

@article{CMS:2011hqo,
    author = "Chatrchyan, Serguei and others",
    collaboration = "CMS",
    title = "{Measurement of the Drell-Yan Cross Section in $pp$ Collisions at $\sqrt{s}=7$ TeV}",
    eprint = "1108.0566",
    archivePrefix = "arXiv",
    primaryClass = "hep-ex",
    reportNumber = "CERN-PH-EP-2011-093, CMS-EWK-10-007",
    doi = "10.1007/JHEP10(2011)007",
    journal = "JHEP",
    volume = "10",
    pages = "007",
    year = "2011"
}

@article{CMS:2011nkw,
    author = "Chatrchyan, Serguei and others",
    collaboration = "CMS",
    title = "{Measurement of the Differential Cross Section for Isolated Prompt Photon Production in pp Collisions at 7 TeV}",
    eprint = "1108.2044",
    archivePrefix = "arXiv",
    primaryClass = "hep-ex",
    reportNumber = "CERN-PH-EP-2011-128, CMS-QCD-10-037",
    doi = "10.1103/PhysRevD.84.052011",
    journal = "Phys. Rev. D",
    volume = "84",
    pages = "052011",
    year = "2011"
}

@article{CMS:2011qzf,
    author = "Chatrchyan, Serguei and others",
    collaboration = "CMS",
    title = "{Measurement of the Underlying Event Activity at the LHC with $\sqrt{s}= 7$ TeV and Comparison with $\sqrt{s} = 0.9$ TeV}",
    eprint = "1107.0330",
    archivePrefix = "arXiv",
    primaryClass = "hep-ex",
    reportNumber = "CERN-PH-EP-2011-059, CMS-QCD-10-010",
    doi = "10.1007/JHEP09(2011)109",
    journal = "JHEP",
    volume = "09",
    pages = "109",
    year = "2011"
}

@article{CMS:2011xie,
    author = "Chatrchyan, Serguei and others",
    collaboration = "CMS",
    title = "{Inclusive search for squarks and gluinos in $pp$ collisions at $\sqrt{s}=7$ TeV}",
    eprint = "1107.1279",
    archivePrefix = "arXiv",
    primaryClass = "hep-ex",
    reportNumber = "CERN-PH-EP-2011-099, CMS-SUS-10-009",
    doi = "10.1103/PhysRevD.85.012004",
    journal = "Phys. Rev. D",
    volume = "85",
    pages = "012004",
    year = "2012"
}

@article{CMS:2011eub,
    author = "Chatrchyan, Serguei and others",
    collaboration = "CMS",
    title = "{A search for excited leptons in $pp$ Collisions at $\sqrt{s}=$ 7 TeV}",
    eprint = "1107.1773",
    archivePrefix = "arXiv",
    primaryClass = "hep-ex",
    reportNumber = "CERN-PH-EP-2011-081, CMS-EXO-10-016",
    doi = "10.1016/j.physletb.2011.09.021",
    journal = "Phys. Lett. B",
    volume = "704",
    pages = "143--162",
    year = "2011"
}

@article{CMS:2011adf,
    author = "Chatrchyan, Serguei and others",
    collaboration = "CMS",
    title = "{Search for supersymmetry in $pp$ collisions at $\sqrt{s}=7$ TeV in events with a single lepton, jets, and missing transverse momentum}",
    eprint = "1107.1870",
    archivePrefix = "arXiv",
    primaryClass = "hep-ex",
    reportNumber = "CERN-PH-EP-2011-084, CMS-SUS-10-006",
    doi = "10.1007/JHEP08(2011)156",
    journal = "JHEP",
    volume = "08",
    pages = "156",
    year = "2011"
}

@article{CMS:2011ots,
    author = "Chatrchyan, Serguei and others",
    collaboration = "CMS",
    title = "{Search for Three-Jet Resonances in $pp$ Collisions at $\sqrt{s}=7$ TeV}",
    eprint = "1107.3084",
    archivePrefix = "arXiv",
    primaryClass = "hep-ex",
    reportNumber = "CERN-PH-EP-2011-089, CMS-EXO-11-001",
    doi = "10.1103/PhysRevLett.107.101801",
    journal = "Phys. Rev. Lett.",
    volume = "107",
    pages = "101801",
    year = "2011"
}

@article{CMS:2011shu,
    author = "Chatrchyan, Serguei and others",
    collaboration = "CMS",
    title = "{Determination of Jet Energy Calibration and Transverse Momentum Resolution in CMS}",
    eprint = "1107.4277",
    archivePrefix = "arXiv",
    primaryClass = "physics.ins-det",
    reportNumber = "CERN-PH-EP-2011-102, CMS-JME-10-011",
    doi = "10.1088/1748-0221/6/11/P11002",
    journal = "JINST",
    volume = "6",
    pages = "P11002",
    year = "2011"
}

@article{CMS:2011aqh,
    author = "Chatrchyan, Serguei and others",
    collaboration = "CMS",
    title = "{Dependence on pseudorapidity and centrality of charged hadron production in PbPb collisions at a nucleon-nucleon centre-of-mass energy of 2.76 TeV}",
    eprint = "1107.4800",
    archivePrefix = "arXiv",
    primaryClass = "nucl-ex",
    reportNumber = "CERN-PH-EP-2011-092, CMS-HIN-10-001",
    doi = "10.1007/JHEP08(2011)141",
    journal = "JHEP",
    volume = "08",
    pages = "141",
    year = "2011"
}

@article{CMS:2011aa,
    author = "Chatrchyan, Serguei and others",
    collaboration = "CMS",
    title = "{Measurement of the Inclusive $W$ and $Z$ Production Cross Sections in $pp$ Collisions at $\sqrt{s}=7$ TeV}",
    eprint = "1107.4789",
    archivePrefix = "arXiv",
    primaryClass = "hep-ex",
    reportNumber = "CERN-PH-EP-2011-107, CMS-EWK-10-005",
    doi = "10.1007/JHEP10(2011)132",
    journal = "JHEP",
    volume = "10",
    pages = "132",
    year = "2011"
}

@article{CMS:2011ckb,
    author = "Chatrchyan, Serguei and others",
    collaboration = "CMS",
    title = "{Search for Resonances in the Dijet Mass Spectrum from 7 TeV pp Collisions at CMS}",
    eprint = "1107.4771",
    archivePrefix = "arXiv",
    primaryClass = "hep-ex",
    reportNumber = "CERN-PH-EP-2011-119, CMS-EXO-11-015",
    doi = "10.1016/j.physletb.2011.09.015",
    journal = "Phys. Lett. B",
    volume = "704",
    pages = "123--142",
    year = "2011"
}

@article{CMS:2011spw,
    author = "Chatrchyan, Serguei and others",
    collaboration = "CMS",
    title = "{Search for B(s) and B to dimuon decays in pp collisions at 7 TeV}",
    eprint = "1107.5834",
    archivePrefix = "arXiv",
    primaryClass = "hep-ex",
    reportNumber = "CERN-PH-EP-2011-120, CMS-BPH-11-002",
    doi = "10.1103/PhysRevLett.107.191802",
    journal = "Phys. Rev. Lett.",
    volume = "107",
    pages = "191802",
    year = "2011"
}

@article{CMS:2011ab,
    author = "Chatrchyan, Serguei and others",
    collaboration = "CMS",
    title = "{Measurement of the Inclusive Jet Cross Section in $pp$ Collisions at $\sqrt{s}=7$ TeV}",
    eprint = "1106.0208",
    archivePrefix = "arXiv",
    primaryClass = "hep-ex",
    reportNumber = "CERN-PH-EP-2011-053, CMS-QCD-10-011",
    doi = "10.1103/PhysRevLett.107.132001",
    journal = "Phys. Rev. Lett.",
    volume = "107",
    pages = "132001",
    year = "2011"
}

@article{CMS:2011maz,
    author = "Chatrchyan, Serguei and others",
    collaboration = "CMS",
    title = "{Measurement of the ratio of the 3-jet to 2-jet cross sections in $pp$ collisions at $\sqrt{s} = 7$ TeV}",
    eprint = "1106.0647",
    archivePrefix = "arXiv",
    primaryClass = "hep-ex",
    reportNumber = "CERN-PH-EP-2011-044, CMS-QCD-10-012",
    doi = "10.1016/j.physletb.2011.07.067",
    journal = "Phys. Lett. B",
    volume = "702",
    pages = "336--354",
    year = "2011"
}

@article{CMS:2011euv,
    author = "Chatrchyan, Serguei and others",
    collaboration = "CMS",
    title = "{Search for physics beyond the standard model using multilepton signatures in $pp$ collisions at $\sqrt{s}=$ 7 TeV}",
    eprint = "1106.0933",
    archivePrefix = "arXiv",
    primaryClass = "hep-ex",
    reportNumber = "CERN-PH-EP-2011-046, CMS-SUS-10-008",
    doi = "10.1016/j.physletb.2011.09.047",
    journal = "Phys. Lett. B",
    volume = "704",
    pages = "411--433",
    year = "2011"
}

@article{CMS:2011gff,
    author = "Chatrchyan, Serguei and others",
    collaboration = "CMS",
    title = "{Search for Same-Sign Top-Quark Pair Production at $\sqrt{s}=7$ TeV and Limits on Flavour Changing Neutral Currents in the Top Sector}",
    eprint = "1106.2142",
    archivePrefix = "arXiv",
    primaryClass = "hep-ex",
    reportNumber = "CERN-PH-EP-2011-087, CMS-EXO-11-065",
    doi = "10.1007/JHEP08(2011)005",
    journal = "JHEP",
    volume = "08",
    pages = "005",
    year = "2011"
}

@article{CMS:2011xlr,
    author = "Chatrchyan, Serguei and others",
    collaboration = "CMS",
    title = "{Search for Light Resonances Decaying into Pairs of Muons as a Signal of New Physics}",
    eprint = "1106.2375",
    archivePrefix = "arXiv",
    primaryClass = "hep-ex",
    reportNumber = "CERN-PH-EP-2011-064, CMS-EXO-11-013",
    doi = "10.1007/JHEP07(2011)098",
    journal = "JHEP",
    volume = "07",
    pages = "098",
    year = "2011"
}

@article{CMS:2011xke,
    author = "Chatrchyan, Serguei and others",
    collaboration = "CMS",
    title = "{Search for Supersymmetry in Events with b Jets and Missing Transverse Momentum at the LHC}",
    eprint = "1106.3272",
    archivePrefix = "arXiv",
    primaryClass = "hep-ex",
    reportNumber = "CERN-PH-EP-2011-067, CMS-SUS-10-011",
    doi = "10.1007/JHEP07(2011)113",
    journal = "JHEP",
    volume = "07",
    pages = "113",
    year = "2011"
}

@article{CMS:2011kew,
    author = "Chatrchyan, Serguei and others",
    collaboration = "CMS",
    title = "{Measurement of the Strange $B$ Meson Production Cross Section with J/Psi $\phi$ Decays in $pp$ Collisions at $\sqrt{s}=7$ TeV}",
    eprint = "1106.4048",
    archivePrefix = "arXiv",
    primaryClass = "hep-ex",
    reportNumber = "CERN-PH-EP-2011-063, CMS-BPH-10-013",
    doi = "10.1103/PhysRevD.84.052008",
    journal = "Phys. Rev. D",
    volume = "84",
    pages = "052008",
    year = "2011"
}

@article{CMS:2011yke,
    author = "Chatrchyan, Serguei and others",
    collaboration = "CMS",
    title = "{Search for New Physics with Jets and Missing Transverse Momentum in $pp$ collisions at $\sqrt{s}=7$ TeV}",
    eprint = "1106.4503",
    archivePrefix = "arXiv",
    primaryClass = "hep-ex",
    reportNumber = "CERN-PH-EP-2011-065, CMS-SUS-10-005",
    doi = "10.1007/JHEP08(2011)155",
    journal = "JHEP",
    volume = "08",
    pages = "155",
    year = "2011"
}

@article{CMS:2011esc,
    author = "Chatrchyan, Serguei and others",
    collaboration = "CMS",
    title = "{Search for New Physics with a Mono-Jet and Missing Transverse Energy in $pp$ Collisions at $\sqrt{s} = 7$ TeV}",
    eprint = "1106.4775",
    archivePrefix = "arXiv",
    primaryClass = "hep-ex",
    reportNumber = "CERN-PH-EP-2011-070, CMS-EXO-11-003",
    doi = "10.1103/PhysRevLett.107.201804",
    journal = "Phys. Rev. Lett.",
    volume = "107",
    pages = "201804",
    year = "2011"
}

@article{CMS:2011bgj,
    author = "Chatrchyan, Serguei and others",
    collaboration = "CMS",
    title = "{Missing transverse energy performance of the CMS detector}",
    eprint = "1106.5048",
    archivePrefix = "arXiv",
    primaryClass = "physics.ins-det",
    reportNumber = "CERN-PH-EP-2011-051, CMS-JME-10-009",
    doi = "10.1088/1748-0221/6/09/P09001",
    journal = "JINST",
    volume = "6",
    pages = "P09001",
    year = "2011"
}

@article{CMS:2011cqy,
    author = "Chatrchyan, Serguei and others",
    collaboration = "CMS",
    title = "{Long-range and short-range dihadron angular correlations in central PbPb collisions at a nucleon-nucleon center of mass energy of 2.76 TeV}",
    eprint = "1105.2438",
    archivePrefix = "arXiv",
    primaryClass = "nucl-ex",
    reportNumber = "CERN-PH-EP-2011-056, CMS-HIN-11-001",
    doi = "10.1007/JHEP07(2011)076",
    journal = "JHEP",
    volume = "07",
    pages = "076",
    year = "2011"
}

@article{CMS:2011myh,
    author = "Chatrchyan, Serguei and others",
    collaboration = "CMS",
    title = "{Measurement of $W\gamma$ and $Z\gamma$ production in $pp$ collisions at $\sqrt{s} = 7$ TeV}",
    eprint = "1105.2758",
    archivePrefix = "arXiv",
    primaryClass = "hep-ex",
    reportNumber = "CERN-PH-EP-2011-045, CMS-EWK-10-008",
    doi = "10.1016/j.physletb.2011.06.034",
    journal = "Phys. Lett. B",
    volume = "701",
    pages = "535--555",
    year = "2011"
}

@article{CMS:2011yvv,
    author = "Chatrchyan, Serguei and others",
    collaboration = "CMS",
    title = "{Search for supersymmetry in events with a lepton, a photon, and large missing transverse energy in $pp$ collisions at $\sqrt{s}=7$ TeV}",
    eprint = "1105.3152",
    archivePrefix = "arXiv",
    primaryClass = "hep-ex",
    reportNumber = "CERN-PH-EP-2011-058, CMS-SUS-11-002",
    doi = "10.1007/JHEP06(2011)093",
    journal = "JHEP",
    volume = "06",
    pages = "093",
    year = "2011"
}

@article{CMS:2011all,
    author = "Chatrchyan, Serguei and others",
    collaboration = "CMS",
    title = "{Indications of suppression of excited $\Upsilon$ states in PbPb collisions at $\sqrt{S_{NN}}$ = 2.76 TeV}",
    eprint = "1105.4894",
    archivePrefix = "arXiv",
    primaryClass = "nucl-ex",
    reportNumber = "CERN-PH-EP-2011-074, CMS-HIN-11-007",
    doi = "10.1103/PhysRevLett.107.052302",
    journal = "Phys. Rev. Lett.",
    volume = "107",
    pages = "052302",
    year = "2011"
}

@article{CMS:2011zfm,
    author = "Chatrchyan, Serguei and others",
    collaboration = "CMS",
    title = "{Search for First Generation Scalar Leptoquarks in the e$\nu$jj channel in $pp$ collisions at $\sqrt{s}=$ 7 TeV}",
    eprint = "1105.5237",
    archivePrefix = "arXiv",
    primaryClass = "hep-ex",
    reportNumber = "CERN-PH-EP-2011-062, CMS-EXO-10-006",
    doi = "10.1016/j.physletb.2011.07.089",
    journal = "Phys. Lett. B",
    volume = "703",
    pages = "246--266",
    year = "2011"
}

@article{CMS:2011lzj,
    author = "Chatrchyan, Serguei and others",
    collaboration = "CMS",
    title = "{Search for Neutral MSSM Higgs Bosons Decaying to Tau Pairs in $pp$ Collisions at $\sqrt{s}=7$ TeV}",
    eprint = "1104.1619",
    archivePrefix = "arXiv",
    primaryClass = "hep-ex",
    reportNumber = "CERN-PH-EP-2011-027, CMS-HIG-10-002, CERN-EP-PH-2011-027",
    doi = "10.1103/PhysRevLett.106.231801",
    journal = "Phys. Rev. Lett.",
    volume = "106",
    pages = "231801",
    year = "2011"
}

@article{CMS:2011ltz,
    author = "Chatrchyan, Serguei and others",
    collaboration = "CMS",
    title = "{Measurement of the Inclusive Z Cross Section via Decays to Tau Pairs in $pp$ Collisions at $\sqrt{s}=7$ TeV}",
    eprint = "1104.1617",
    archivePrefix = "arXiv",
    primaryClass = "hep-ex",
    reportNumber = "CERN-PH-EP-2011-035, CMS-EWK-10-013",
    doi = "10.1007/JHEP08(2011)117",
    journal = "JHEP",
    volume = "08",
    pages = "117",
    year = "2011"
}

@article{CMS:2011nlq,
    author = "Chatrchyan, Serguei and others",
    collaboration = "CMS",
    title = "{Measurement of the differential dijet production cross section in proton-proton collisions at $\sqrt{s}=7$ TeV}",
    eprint = "1104.1693",
    archivePrefix = "arXiv",
    primaryClass = "hep-ex",
    reportNumber = "CERN-PH-EP-2011-042, CMS-QCD-10-025",
    doi = "10.1016/j.physletb.2011.05.027",
    journal = "Phys. Lett. B",
    volume = "700",
    pages = "187--206",
    year = "2011"
}

@article{CMS:2011pdu,
    author = "Chatrchyan, Serguei and others",
    collaboration = "CMS",
    title = "{Measurement of the $B^0$ production cross section in $pp$ Collisions at $\sqrt{s}=7$ TeV}",
    eprint = "1104.2892",
    archivePrefix = "arXiv",
    primaryClass = "hep-ex",
    reportNumber = "CERN-PH-EP-2011-034, CMS-BPH-10-005",
    doi = "10.1103/PhysRevLett.106.252001",
    journal = "Phys. Rev. Lett.",
    volume = "106",
    pages = "252001",
    year = "2011"
}

@article{CMS:2011mlu,
    author = "Chatrchyan, Serguei and others",
    collaboration = "CMS",
    title = "{Search for new physics with same-sign isolated dilepton events with jets and missing transverse energy at the LHC}",
    eprint = "1104.3168",
    archivePrefix = "arXiv",
    primaryClass = "hep-ex",
    reportNumber = "CERN-PH-EP-2011-033, CMS-SUS-10-004",
    doi = "10.1007/JHEP06(2011)077",
    journal = "JHEP",
    volume = "06",
    pages = "077",
    year = "2011"
}

@article{CMS:2011kaj,
    author = "Chatrchyan, Serguei and others",
    collaboration = "CMS",
    title = "{Measurement of the Polarization of W Bosons with Large Transverse Momenta in W+Jets Events at the LHC}",
    eprint = "1104.3829",
    archivePrefix = "arXiv",
    primaryClass = "hep-ex",
    reportNumber = "CERN-PH-EP-2011-043, CMS-EWK-10-014",
    doi = "10.1103/PhysRevLett.107.021802",
    journal = "Phys. Rev. Lett.",
    volume = "107",
    pages = "021802",
    year = "2011"
}

@article{CMS:2011mry,
    author = "Chatrchyan, Serguei and others",
    collaboration = "CMS",
    title = "{Charged particle transverse momentum spectra in $pp$ collisions at $\sqrt{s} = 0.9$ and 7 TeV}",
    eprint = "1104.3547",
    archivePrefix = "arXiv",
    primaryClass = "hep-ex",
    reportNumber = "CERN-PH-EP-2011-049, CMS-QCD-10-008",
    doi = "10.1007/JHEP08(2011)086",
    journal = "JHEP",
    volume = "08",
    pages = "086",
    year = "2011"
}

@article{CMS:2011lhl,
    author = "Chatrchyan, Serguei and others",
    collaboration = "CMS",
    title = "{Search for a $W^\prime$ boson decaying to a muon and a neutrino in $pp$ collisions at $\sqrt{s} = 7$ TeV}",
    eprint = "1103.0030",
    archivePrefix = "arXiv",
    primaryClass = "hep-ex",
    reportNumber = "CERN-PH-EP-2011-012, CMS-EXO-10-015",
    doi = "10.1016/j.physletb.2011.05.048",
    journal = "Phys. Lett. B",
    volume = "701",
    pages = "160--179",
    year = "2011"
}

@article{CMS:2011xuw,
    author = "Chatrchyan, Serguei and others",
    collaboration = "CMS",
    title = "{Search for Resonances in the Dilepton Mass Distribution in $pp$ Collisions at $\sqrt{s} = 7$ TeV}",
    eprint = "1103.0981",
    archivePrefix = "arXiv",
    primaryClass = "hep-ex",
    reportNumber = "CERN-PH-EP-2011-002, CMS-EXO-10-013",
    doi = "10.1007/JHEP05(2011)093",
    journal = "JHEP",
    volume = "05",
    pages = "093",
    year = "2011"
}

@article{CMS:2011akh,
    author = "Chatrchyan, Serguei and others",
    collaboration = "CMS",
    title = "{Search for Supersymmetry in $pp$ Collisions at $\sqrt{s} = 7$ TeV in Events with Two Photons and Missing Transverse Energy}",
    eprint = "1103.0953",
    archivePrefix = "arXiv",
    primaryClass = "hep-ex",
    reportNumber = "CERN-PH-EP-2011-007, CMS-SUS-10-002",
    doi = "10.1103/PhysRevLett.106.211802",
    journal = "Phys. Rev. Lett.",
    volume = "106",
    pages = "211802",
    year = "2011"
}

@article{CMS:2011tbm,
    author = "Chatrchyan, Serguei and others",
    collaboration = "CMS",
    title = "{Search for Physics Beyond the Standard Model in Opposite-Sign Dilepton Events at $\sqrt{s} = 7$ TeV}",
    eprint = "1103.1348",
    archivePrefix = "arXiv",
    primaryClass = "hep-ex",
    reportNumber = "CMS-SUS-10-007, CERN-PH-EP-2011-016",
    doi = "10.1007/JHEP06(2011)026",
    journal = "JHEP",
    volume = "06",
    pages = "026",
    year = "2011"
}

@article{CMS:2011bet,
    author = "Chatrchyan, Serguei and others",
    collaboration = "CMS",
    title = "{Measurement of the lepton charge asymmetry in inclusive $W$ production in pp collisions at $\sqrt{s} = 7$ TeV}",
    eprint = "1103.3470",
    archivePrefix = "arXiv",
    primaryClass = "hep-ex",
    reportNumber = "CERN-PH-EP-2011-024, CMS-EWK-10-006",
    doi = "10.1007/JHEP04(2011)050",
    journal = "JHEP",
    volume = "04",
    pages = "050",
    year = "2011"
}

@article{CMS:2011uvc,
    author = "Chatrchyan, Serguei and others",
    collaboration = "CMS",
    title = "{Search for Large Extra Dimensions in the Diphoton Final State at the Large Hadron Collider}",
    eprint = "1103.4279",
    archivePrefix = "arXiv",
    primaryClass = "hep-ex",
    reportNumber = "CERN-PH-EP-2011-020, CMS-EXO-10-026",
    doi = "10.1007/JHEP05(2011)085",
    journal = "JHEP",
    volume = "05",
    pages = "085",
    year = "2011"
}

@article{CMS:2011usu,
    author = "Khachatryan, Vardan and others",
    collaboration = "CMS",
    title = "{First Measurement of Hadronic Event Shapes in $pp$ Collisions at $\sqrt {s}=7$ TeV}",
    eprint = "1102.0068",
    archivePrefix = "arXiv",
    primaryClass = "hep-ex",
    reportNumber = "CERN-PH-EP-2010-072, CMS-QCD-10-013",
    doi = "10.1016/j.physletb.2011.03.060",
    journal = "Phys. Lett. B",
    volume = "699",
    pages = "48--67",
    year = "2011"
}

@article{CMS:2011iwn,
    author = "Chatrchyan, Serguei and others",
    collaboration = "CMS",
    title = "{Observation and studies of jet quenching in PbPb collisions at nucleon-nucleon center-of-mass energy = 2.76 TeV}",
    eprint = "1102.1957",
    archivePrefix = "arXiv",
    primaryClass = "nucl-ex",
    reportNumber = "CERN-PH-EP-2011-001, CMS-HIN-10-004",
    doi = "10.1103/PhysRevC.84.024906",
    journal = "Phys. Rev. C",
    volume = "84",
    pages = "024906",
    year = "2011"
}

@article{CMS:2011eym,
    author = "Khachatryan, Vardan and others",
    collaboration = "CMS",
    title = "{Measurement of Dijet Angular Distributions and Search for Quark Compositeness in pp Collisions at $sqrt{s} = 7$ TeV}",
    eprint = "1102.2020",
    archivePrefix = "arXiv",
    primaryClass = "hep-ex",
    reportNumber = "CERN-PH-EP-2010-092, CMS-QCD-10-016, CERN-EP-PH-2010-092",
    doi = "10.1103/PhysRevLett.106.201804",
    journal = "Phys. Rev. Lett.",
    volume = "106",
    pages = "201804",
    year = "2011"
}

@article{CMS:2011yuk,
    author = "Khachatryan, Vardan and others",
    collaboration = "CMS",
    title = "{Measurement of $B\bar{B}$ Angular Correlations based on Secondary Vertex Reconstruction at $\sqrt{s}=7$ TeV}",
    eprint = "1102.3194",
    archivePrefix = "arXiv",
    primaryClass = "hep-ex",
    reportNumber = "CERN-PH-EP-10-093, CMS-BPH-10-010",
    doi = "10.1007/JHEP03(2011)136",
    journal = "JHEP",
    volume = "03",
    pages = "136",
    year = "2011"
}

@article{CMS:2011jlm,
    author = "Khachatryan, Vardan and others",
    collaboration = "CMS",
    title = "{Strange Particle Production in $pp$ Collisions at $\sqrt{s}=0.9$ and 7 TeV}",
    eprint = "1102.4282",
    archivePrefix = "arXiv",
    primaryClass = "hep-ex",
    reportNumber = "CERN-PH-EP-2010-094, CMS-QCD-10-007",
    doi = "10.1007/JHEP05(2011)064",
    journal = "JHEP",
    volume = "05",
    pages = "064",
    year = "2011"
}

@article{CMS:2011lvl,
    author = "Chatrchyan, Serguei and others",
    collaboration = "CMS",
    title = "{Search for a Heavy Bottom-like Quark in $pp$ Collisions at $\sqrt{s} = 7$ TeV}",
    eprint = "1102.4746",
    archivePrefix = "arXiv",
    primaryClass = "hep-ex",
    reportNumber = "CERN-PH-EP-2011-009, CMS-EXO-10-018",
    doi = "10.1016/j.physletb.2011.05.074",
    journal = "Phys. Lett. B",
    volume = "701",
    pages = "204--223",
    year = "2011"
}

@article{CMS:2011zfr,
    author = "Chatrchyan, Serguei and others",
    collaboration = "CMS",
    title = "{Study of Z boson production in PbPb collisions at $\sqrt{s_{NN}}$ = 2.76 TeV}",
    eprint = "1102.5435",
    archivePrefix = "arXiv",
    primaryClass = "nucl-ex",
    reportNumber = "CERN-PH-EP-2011-003, CMS-HIN-10-003",
    doi = "10.1103/PhysRevLett.106.212301",
    journal = "Phys. Rev. Lett.",
    volume = "106",
    pages = "212301",
    year = "2011"
}

@article{CMS:2011egr,
    author = "Chatrchyan, Serguei and others",
    collaboration = "CMS",
    title = "{Measurement of $W^+ W^-$ production and search for the Higgs boson in pp collisions at $\sqrt s=7$ TeV}",
    eprint = "1102.5429",
    archivePrefix = "arXiv",
    primaryClass = "hep-ex",
    reportNumber = "CERN-PH-EP-2011-015, CMS-EWK-10-009",
    doi = "10.1016/j.physletb.2011.03.056",
    journal = "Phys. Lett. B",
    volume = "699",
    pages = "25--47",
    year = "2011"
}

@article{CMS:2011oft,
    author = "Khachatryan, Vardan and others",
    collaboration = "CMS",
    title = "{Measurement of the $B^+$ Production Cross Section in pp Collisions at $\sqrt{s} = 7$\textasciitilde{}TeV}",
    eprint = "1101.0131",
    archivePrefix = "arXiv",
    primaryClass = "hep-ex",
    reportNumber = "CERN-PH-EP-2010-087, CMS-BPH-10-004",
    doi = "10.1103/PhysRevLett.106.112001",
    journal = "Phys. Rev. Lett.",
    volume = "106",
    pages = "112001",
    year = "2011"
}

@article{CMS:2011arq,
    author = "Khachatryan, Vardan and others",
    collaboration = "CMS",
    title = "{Search for Heavy Stable Charged Particles in $pp$ collisions at $\sqrt{s}=7$ TeV}",
    eprint = "1101.1645",
    archivePrefix = "arXiv",
    primaryClass = "hep-ex",
    reportNumber = "CERN-PH-EP-2010-067, CMS-EXO-10-011",
    doi = "10.1007/JHEP03(2011)024",
    journal = "JHEP",
    volume = "03",
    pages = "024",
    year = "2011"
}

@article{CMS:2011xek,
    author = "Khachatryan, Vardan and others",
    collaboration = "CMS",
    title = "{Search for Supersymmetry in pp Collisions at 7 TeV in Events with Jets and Missing Transverse Energy}",
    eprint = "1101.1628",
    archivePrefix = "arXiv",
    primaryClass = "hep-ex",
    reportNumber = "CERN-PH-EP-2010-084, CMS-SUS-10-003",
    doi = "10.1016/j.physletb.2011.03.021",
    journal = "Phys. Lett. B",
    volume = "698",
    pages = "196--218",
    year = "2011"
}

@article{CMS:2011nlc,
    author = "Khachatryan, Vardan and others",
    collaboration = "CMS",
    title = "{Measurement of Bose-Einstein Correlations in $pp$ Collisions at $\sqrt{s}=0.9$ and 7 TeV}",
    eprint = "1101.3518",
    archivePrefix = "arXiv",
    primaryClass = "hep-ex",
    reportNumber = "CERN-PH-EP-2010-091, CMS-QCD-10-023",
    doi = "10.1007/JHEP05(2011)029",
    journal = "JHEP",
    volume = "05",
    pages = "029",
    year = "2011"
}

@article{CMS:2011xhf,
    author = "Khachatryan, Vardan and others",
    collaboration = "CMS",
    title = "{Inclusive b-Hadron Production Cross Section with Muons in $pp$ Collisions at $\sqrt{s} = 7$ TeV}",
    eprint = "1101.3512",
    archivePrefix = "arXiv",
    primaryClass = "hep-ex",
    reportNumber = "CERN-PH-EP-2010-088, CMS-BPH-10-007",
    doi = "10.1007/JHEP03(2011)090",
    journal = "JHEP",
    volume = "03",
    pages = "090",
    year = "2011"
}

@article{CMS:2011hzb,
    author = "Khachatryan, Vardan and others",
    collaboration = "CMS",
    title = "{Dijet Azimuthal Decorrelations in $pp$ Collisions at $\sqrt{s} = 7$\textasciitilde{}TeV}",
    eprint = "1101.5029",
    archivePrefix = "arXiv",
    primaryClass = "hep-ex",
    reportNumber = "CERN-PH-EP-2010-086, CMS-QCD-10-026",
    doi = "10.1103/PhysRevLett.106.122003",
    journal = "Phys. Rev. Lett.",
    volume = "106",
    pages = "122003",
    year = "2011"
}

@article{CMS:2010svd,
    author = "Khachatryan, Vardan and others",
    collaboration = "CMS",
    title = "{Measurement of the Isolated Prompt Photon Production Cross Section in $pp$ Collisions at $\sqrt{s} = 7$\textasciitilde{}TeV}",
    eprint = "1012.0799",
    archivePrefix = "arXiv",
    primaryClass = "hep-ex",
    reportNumber = "CERN-PH-EP-2010-053, CMS-QCD-10-019",
    doi = "10.1103/PhysRevLett.106.082001",
    journal = "Phys. Rev. Lett.",
    volume = "106",
    pages = "082001",
    year = "2011"
}

@article{CMS:2010svw,
    author = "Khachatryan, Vardan and others",
    collaboration = "CMS",
    title = "{Measurements of Inclusive $W$ and $Z$ Cross Sections in $pp$ Collisions at $\sqrt{s}=7$ TeV}",
    eprint = "1012.2466",
    archivePrefix = "arXiv",
    primaryClass = "hep-ex",
    reportNumber = "CERN-PH-EP-2010-050, CMS-EWK-10-002",
    doi = "10.1007/JHEP01(2011)080",
    journal = "JHEP",
    volume = "01",
    pages = "080",
    year = "2011"
}

@article{CMS:2010oej,
    author = "Khachatryan, Vardan and others",
    collaboration = "CMS",
    title = "{Search for Microscopic Black Hole Signatures at the Large Hadron Collider}",
    eprint = "1012.3375",
    archivePrefix = "arXiv",
    primaryClass = "hep-ex",
    reportNumber = "CERN-PH-EP-2010-073, CMS-EXO-10-017",
    doi = "10.1016/j.physletb.2011.02.032",
    journal = "Phys. Lett. B",
    volume = "697",
    pages = "434--453",
    year = "2011"
}

@article{CMS:2010ssz,
    author = "Khachatryan, Vardan and others",
    collaboration = "CMS",
    title = "{Search for Pair Production of Second-Generation Scalar Leptoquarks in $pp$ Collisions at $\sqrt{s}=7$ TeV}",
    eprint = "1012.4033",
    archivePrefix = "arXiv",
    primaryClass = "hep-ex",
    reportNumber = "CERN-PH-EP-2010-054, CMS-EXO-10-007",
    doi = "10.1103/PhysRevLett.106.201803",
    journal = "Phys. Rev. Lett.",
    volume = "106",
    pages = "201803",
    year = "2011"
}

@article{CMS:2010chx,
    author = "Khachatryan, Vardan and others",
    collaboration = "CMS",
    title = "{Search for Pair Production of First-Generation Scalar Leptoquarks in $pp$ Collisions at $\sqrt{s}=7$ TeV}",
    eprint = "1012.4031",
    archivePrefix = "arXiv",
    primaryClass = "hep-ex",
    reportNumber = "CERN-PH-EP-2010-052, CMS-EXO-10-005",
    doi = "10.1103/PhysRevLett.106.201802",
    journal = "Phys. Rev. Lett.",
    volume = "106",
    pages = "201802",
    year = "2011"
}

@article{CMS:2010wld,
    author = "Khachatryan, Vardan and others",
    collaboration = "CMS",
    title = "{Upsilon Production Cross-Section in pp Collisions at $\sqrt{s}$=7 TeV}",
    eprint = "1012.5545",
    archivePrefix = "arXiv",
    primaryClass = "hep-ex",
    reportNumber = "CERN-PH-EP-2010-055, CMS-BPH-10-003",
    doi = "10.1103/PhysRevD.83.112004",
    journal = "Phys. Rev. D",
    volume = "83",
    pages = "112004",
    year = "2011"
}

@article{CMS:2010kax,
    author = "Khachatryan, Vardan and others",
    collaboration = "CMS",
    title = "{Search for a Heavy Gauge Boson $W$ ' in the Final State with an Electron and Large Missing Transverse Energy in $pp$ Collisions at $\sqrt{s}=7$ TeV}",
    eprint = "1012.5945",
    archivePrefix = "arXiv",
    primaryClass = "hep-ex",
    reportNumber = "CMS-EXO-10-014, CERN-PH-EP-2010-074",
    doi = "10.1016/j.physletb.2011.02.048",
    journal = "Phys. Lett. B",
    volume = "698",
    pages = "21--39",
    year = "2011"
}

@article{CMS:2010nis,
    author = "Khachatryan, Vardan and others",
    collaboration = "CMS",
    title = "{Prompt and Non-Prompt $J/\psi$ Production in $pp$ Collisions at $\sqrt{s}=7$ TeV}",
    eprint = "1011.4193",
    archivePrefix = "arXiv",
    primaryClass = "hep-ex",
    reportNumber = "CERN-PH-EP-2010-046, CMS-BPH-10-002",
    doi = "10.1140/epjc/s10052-011-1575-8",
    journal = "Eur. Phys. J. C",
    volume = "71",
    pages = "1575",
    year = "2011"
}

@article{CMS:2010ffu,
    author = "Khachatryan, Vardan and others",
    collaboration = "CMS",
    title = "{Search for Stopped Gluinos in $pp$ collisions at $\sqrt{s}=7$ TeV}",
    eprint = "1011.5861",
    archivePrefix = "arXiv",
    primaryClass = "hep-ex",
    reportNumber = "CERN-PH-EP-2010-049, CMS-EXO-10-003",
    doi = "10.1103/PhysRevLett.106.011801",
    journal = "Phys. Rev. Lett.",
    volume = "106",
    pages = "011801",
    year = "2011"
}

@article{CMS:2010qvf,
    author = "Khachatryan, Vardan and others",
    collaboration = "CMS",
    title = "{Charged Particle Multiplicities in $pp$ Interactions at $\sqrt{s}=0.9$, 2.36, and 7 TeV}",
    eprint = "1011.5531",
    archivePrefix = "arXiv",
    primaryClass = "hep-ex",
    reportNumber = "CERN-PH-EP-2010-048, CMS-QCD-10-004",
    doi = "10.1007/JHEP01(2011)079",
    journal = "JHEP",
    volume = "01",
    pages = "079",
    year = "2011"
}

@article{CMS:2010qze,
    author = "Khachatryan, Vardan and others",
    collaboration = "CMS",
    title = "{Search for Dijet Resonances in 7 TeV pp Collisions at CMS}",
    eprint = "1010.0203",
    archivePrefix = "arXiv",
    primaryClass = "hep-ex",
    reportNumber = "CMS-EXO-10-010, CERN-PH-EP-2010-035",
    doi = "10.1103/PhysRevLett.105.211801",
    journal = "Phys. Rev. Lett.",
    volume = "105",
    pages = "211801",
    year = "2010"
}

@article{CMS:2010bwz,
    author = "Khachatryan, Vardan and others",
    collaboration = "CMS",
    title = "{Search for Quark Compositeness with the Dijet Centrality Ratio in $pp$ Collisions at $\sqrt{s}=7$ TeV}",
    eprint = "1010.4439",
    archivePrefix = "arXiv",
    primaryClass = "hep-ex",
    reportNumber = "CMS-EXO-10-002, CERN-PH-EP-2010-038",
    doi = "10.1103/PhysRevLett.105.262001",
    journal = "Phys. Rev. Lett.",
    volume = "105",
    pages = "262001",
    year = "2010"
}

@article{CMS:2010ifv,
    author = "Khachatryan, Vardan and others",
    collaboration = "CMS",
    title = "{Observation of Long-Range Near-Side Angular Correlations in Proton-Proton Collisions at the LHC}",
    eprint = "1009.4122",
    archivePrefix = "arXiv",
    primaryClass = "hep-ex",
    reportNumber = "CMS-QCD-10-002, CERN-PH-EP-2010-031",
    doi = "10.1007/JHEP09(2010)091",
    journal = "JHEP",
    volume = "09",
    pages = "091",
    year = "2010"
}

@article{CMS:2010tjh,
    author = "Khachatryan, Vardan and others",
    collaboration = "CMS",
    title = "{Transverse-momentum and pseudorapidity distributions of charged hadrons in $pp$ collisions at $\sqrt{s}=7$ TeV}",
    eprint = "1005.3299",
    archivePrefix = "arXiv",
    primaryClass = "hep-ex",
    reportNumber = "CERN-PH-EP-2010-009, CMS-QCD-10-006",
    doi = "10.1103/PhysRevLett.105.022002",
    journal = "Phys. Rev. Lett.",
    volume = "105",
    pages = "022002",
    year = "2010"
}

@article{CMS:2010qkf,
    author = "Khachatryan, Vardan and others",
    collaboration = "CMS",
    title = "{First Measurement of Bose-Einstein Correlations in Proton-Proton Collisions at $\sqrt{s}$ =0.9 and 2.36 TeV at the LHC}",
    eprint = "1005.3294",
    archivePrefix = "arXiv",
    primaryClass = "hep-ex",
    reportNumber = "CERN-PH-EP-2010-010, CMS-QCD-10-003",
    doi = "10.1103/PhysRevLett.105.032001",
    journal = "Phys. Rev. Lett.",
    volume = "105",
    pages = "032001",
    year = "2010"
}

@article{CMS:2010yju,
    author = "Khachatryan, Vardan and others",
    collaboration = "CMS",
    title = "{Measurement of the Charge Ratio of Atmospheric Muons with the CMS Detector}",
    eprint = "1005.5332",
    archivePrefix = "arXiv",
    primaryClass = "hep-ex",
    reportNumber = "CERN-PH-EP-2010-011, CMS-MUO-10-001",
    doi = "10.1016/j.physletb.2010.07.033",
    journal = "Phys. Lett. B",
    volume = "692",
    pages = "83--104",
    year = "2010"
}

@article{CMS:2010wcx,
    author = "Khachatryan, Vardan and others",
    collaboration = "CMS",
    title = "{Transverse Momentum and Pseudorapidity Distributions of Charged Hadrons in pp Collisions at $\sqrt{s} = 0.9$ and 2.36 TeV}",
    eprint = "1002.0621",
    archivePrefix = "arXiv",
    primaryClass = "hep-ex",
    reportNumber = "CMS-QCD-09-010, CERN-PH-EP-2010-003",
    doi = "10.1007/JHEP02(2010)041",
    journal = "JHEP",
    volume = "02",
    pages = "041",
    year = "2010"
}

@article{CMS:2010rux,
    author = "Khachatryan, Vardan and others",
    collaboration = "CMS",
    title = "{First Measurement of the Underlying Event Activity at the LHC with $\sqrt{s} = 0.9$ TeV}",
    eprint = "1006.2083",
    archivePrefix = "arXiv",
    primaryClass = "hep-ex",
    reportNumber = "CERN-PH-EP-2010-014, CMS-QCD-10-001",
    doi = "10.1140/epjc/s10052-010-1453-9",
    journal = "Eur. Phys. J. C",
    volume = "70",
    pages = "555--572",
    year = "2010"
}

@article{CMS:2010vmp,
    author = "Khachatryan, Vardan and others",
    collaboration = "CMS",
    title = "{CMS Tracking Performance Results from Early LHC Operation}",
    eprint = "1007.1988",
    archivePrefix = "arXiv",
    primaryClass = "physics.ins-det",
    reportNumber = "CERN-PH-EP-2010-019, CMS-TRK-10-001",
    doi = "10.1140/epjc/s10052-010-1491-3",
    journal = "Eur. Phys. J. C",
    volume = "70",
    pages = "1165--1192",
    year = "2010"
}

@article{CMS:2009mis,
    author = "Chatrchyan, S and others",
    collaboration = "CMS",
    title = "{Alignment of the CMS Muon System with Cosmic-Ray and Beam-Halo Muons}",
    eprint = "0911.4022",
    archivePrefix = "arXiv",
    primaryClass = "physics.ins-det",
    reportNumber = "CMS-CFT-09-016",
    doi = "10.1088/1748-0221/5/03/T03020",
    journal = "JINST",
    volume = "5",
    pages = "T03020",
    year = "2010"
}

@article{CMS:2009onm,
    author = "Chatrchyan, S and others",
    collaboration = "CMS",
    title = "{Time Reconstruction and Performance of the CMS Electromagnetic Calorimeter}",
    eprint = "0911.4044",
    archivePrefix = "arXiv",
    primaryClass = "physics.ins-det",
    reportNumber = "CMS-CFT-09-006",
    doi = "10.1088/1748-0221/5/03/T03011",
    journal = "JINST",
    volume = "5",
    pages = "T03011",
    year = "2010"
}

@article{CMS:2009piw,
    author = "Chatrchyan, S and others",
    collaboration = "CMS",
    title = "{Performance Study of the CMS Barrel Resistive Plate Chambers with Cosmic Rays}",
    eprint = "0911.4045",
    archivePrefix = "arXiv",
    primaryClass = "physics.ins-det",
    reportNumber = "CMS-CFT-09-010",
    doi = "10.1088/1748-0221/5/03/T03017",
    journal = "JINST",
    volume = "5",
    pages = "T03017",
    year = "2010"
}

@article{CMS:2009gls,
    author = "Chatrchyan, S and others",
    collaboration = "CMS",
    title = "{Aligning the CMS Muon Chambers with the Muon Alignment System during an Extended Cosmic Ray Run}",
    eprint = "0911.4770",
    archivePrefix = "arXiv",
    primaryClass = "physics.ins-det",
    reportNumber = "CMS-CFT-09-017",
    doi = "10.1088/1748-0221/5/03/T03019",
    journal = "JINST",
    volume = "5",
    pages = "T03019",
    year = "2010"
}

@article{CMS:2009xdb,
    author = "Chatrchyan, S and others",
    collaboration = "CMS",
    title = "{CMS Data Processing Workflows during an Extended Cosmic Ray Run}",
    eprint = "0911.4842",
    archivePrefix = "arXiv",
    primaryClass = "physics.ins-det",
    reportNumber = "CMS-CFT-09-007",
    doi = "10.1088/1748-0221/5/03/T03006",
    journal = "JINST",
    volume = "5",
    pages = "T03006",
    year = "2010"
}

@article{CMS:2009kms,
    author = "Chatrchyan, S and others",
    collaboration = "CMS",
    title = "{Commissioning of the CMS Experiment and the Cosmic Run at Four Tesla}",
    eprint = "0911.4845",
    archivePrefix = "arXiv",
    primaryClass = "physics.ins-det",
    reportNumber = "CMS-CFT-09-008",
    doi = "10.1088/1748-0221/5/03/T03001",
    journal = "JINST",
    volume = "5",
    pages = "T03001",
    year = "2010"
}

@article{CMS:2009lnj,
    author = "Chatrchyan, S and others",
    collaboration = "CMS",
    title = "{Performance of the CMS Drift Tube Chambers with Cosmic Rays}",
    eprint = "0911.4855",
    archivePrefix = "arXiv",
    primaryClass = "physics.ins-det",
    reportNumber = "CMS-CFT-09-012",
    doi = "10.1088/1748-0221/5/03/T03015",
    journal = "JINST",
    volume = "5",
    pages = "T03015",
    year = "2010"
}

@article{CMS:2009nwd,
    author = "Chatrchyan, S and others",
    collaboration = "CMS",
    title = "{Performance of CMS Hadron Calorimeter Timing and Synchronization using Test Beam, Cosmic Ray, and LHC Beam Data}",
    eprint = "0911.4877",
    archivePrefix = "arXiv",
    primaryClass = "physics.ins-det",
    reportNumber = "CMS-CFT-09-018",
    doi = "10.1088/1748-0221/5/03/T03013",
    journal = "JINST",
    volume = "5",
    pages = "T03013",
    year = "2010"
}

@article{CMS:2009nkz,
    author = "Chatrchyan, S and others",
    collaboration = "CMS",
    title = "{Identification and Filtering of Uncharacteristic Noise in the CMS Hadron Calorimeter}",
    eprint = "0911.4881",
    archivePrefix = "arXiv",
    primaryClass = "physics.ins-det",
    reportNumber = "CMS-CFT-09-019",
    doi = "10.1088/1748-0221/5/03/T03014",
    journal = "JINST",
    volume = "5",
    pages = "T03014",
    year = "2010"
}

@article{CMS:2009imz,
    author = "Chatrchyan, S and others",
    collaboration = "CMS",
    title = "{Commissioning of the CMS High-Level Trigger with Cosmic Rays}",
    eprint = "0911.4889",
    archivePrefix = "arXiv",
    primaryClass = "physics.ins-det",
    reportNumber = "CMS-CFT-09-020",
    doi = "10.1088/1748-0221/5/03/T03005",
    journal = "JINST",
    volume = "5",
    pages = "T03005",
    year = "2010"
}

@article{CMS:2009ixn,
    author = "Chatrchyan, S and others",
    collaboration = "CMS",
    title = "{Performance of the CMS Drift-Tube Local Trigger with Cosmic Rays}",
    eprint = "0911.4893",
    archivePrefix = "arXiv",
    primaryClass = "physics.ins-det",
    reportNumber = "CMS-CFT-09-022",
    doi = "10.1088/1748-0221/5/03/T03003",
    journal = "JINST",
    volume = "5",
    pages = "T03003",
    year = "2010"
}

@article{CMS:2009szg,
    author = "Chatrchyan, S and others",
    collaboration = "CMS",
    title = "{Calibration of the CMS Drift Tube Chambers and Measurement of the Drift Velocity with Cosmic Rays}",
    eprint = "0911.4895",
    archivePrefix = "arXiv",
    primaryClass = "physics.ins-det",
    reportNumber = "CMS-CFT-09-023",
    doi = "10.1088/1748-0221/5/03/T03016",
    journal = "JINST",
    volume = "5",
    pages = "T03016",
    year = "2010"
}

@article{CMS:2009rlo,
    author = "Chatrchyan, S and others",
    collaboration = "CMS",
    title = "{Fine Synchronization of the CMS Muon Drift-Tube Local Trigger using Cosmic Rays}",
    eprint = "0911.4904",
    archivePrefix = "arXiv",
    primaryClass = "physics.ins-det",
    reportNumber = "CMS-CFT-09-025",
    doi = "10.1088/1748-0221/5/03/T03004",
    journal = "JINST",
    volume = "5",
    pages = "T03004",
    year = "2010"
}

@article{CMS:2009gpr,
    author = "Chatrchyan, S and others",
    collaboration = "CMS",
    title = "{Performance of the CMS Hadron Calorimeter with Cosmic Ray Muons and LHC Beam Data}",
    eprint = "0911.4991",
    archivePrefix = "arXiv",
    primaryClass = "physics.ins-det",
    reportNumber = "CMS-CFT-09-009",
    doi = "10.1088/1748-0221/5/03/T03012",
    journal = "JINST",
    volume = "5",
    pages = "T03012",
    year = "2010"
}

@article{CMS:2009bjz,
    author = "Chatrchyan, S and others",
    collaboration = "CMS",
    title = "{Performance of the CMS Cathode Strip Chambers with Cosmic Rays}",
    eprint = "0911.4992",
    archivePrefix = "arXiv",
    primaryClass = "physics.ins-det",
    reportNumber = "CMS-CFT-09-011",
    doi = "10.1088/1748-0221/5/03/T03018",
    journal = "JINST",
    volume = "5",
    pages = "T03018",
    year = "2010"
}

@article{CMS:2009fdy,
    author = "Chatrchyan, S and others",
    collaboration = "CMS",
    title = "{Performance of CMS Muon Reconstruction in Cosmic-Ray Events}",
    eprint = "0911.4994",
    archivePrefix = "arXiv",
    primaryClass = "physics.ins-det",
    reportNumber = "CMS-CFT-09-014",
    doi = "10.1088/1748-0221/5/03/T03022",
    journal = "JINST",
    volume = "5",
    pages = "T03022",
    year = "2010"
}

@article{CMS:2009nle,
    author = "Chatrchyan, S and others",
    collaboration = "CMS",
    title = "{Commissioning and Performance of the CMS Silicon Strip Tracker with Cosmic Ray Muons}",
    eprint = "0911.4996",
    archivePrefix = "arXiv",
    primaryClass = "physics.ins-det",
    reportNumber = "CMS-CFT-09-002",
    doi = "10.1088/1748-0221/5/03/T03008",
    journal = "JINST",
    volume = "5",
    pages = "T03008",
    year = "2010"
}

@article{CMS:2009wab,
    author = "Chatrchyan, S and others",
    collaboration = "CMS",
    title = "{Measurement of the Muon Stopping Power in Lead Tungstate}",
    eprint = "0911.5397",
    archivePrefix = "arXiv",
    primaryClass = "physics.ins-det",
    reportNumber = "CMS-CFT-09-005",
    doi = "10.1088/1748-0221/5/03/P03007",
    journal = "JINST",
    volume = "5",
    pages = "P03007",
    year = "2010"
}

@article{CMS:2009wqq,
    author = "Chatrchyan, S and others",
    collaboration = "CMS",
    title = "{Performance of the CMS Level-1 Trigger during Commissioning with Cosmic Ray Muons}",
    eprint = "0911.5422",
    archivePrefix = "arXiv",
    primaryClass = "physics.ins-det",
    reportNumber = "CMS-CFT-09-013",
    doi = "10.1088/1748-0221/5/03/T03002",
    journal = "JINST",
    volume = "5",
    pages = "T03002",
    year = "2010"
}

@article{CMS:2009bxg,
    author = "Chatrchyan, S and others",
    collaboration = "CMS",
    title = "{Commissioning and Performance of the CMS Pixel Tracker with Cosmic Ray Muons}",
    eprint = "0911.5434",
    archivePrefix = "arXiv",
    primaryClass = "physics.ins-det",
    reportNumber = "CMS-CFT-09-001",
    doi = "10.1088/1748-0221/5/03/T03007",
    journal = "JINST",
    volume = "5",
    pages = "T03007",
    year = "2010"
}

@article{CMS:2009cmd,
    author = "Chatrchyan, S and others",
    collaboration = "CMS",
    title = "{Performance and Operation of the CMS Electromagnetic Calorimeter}",
    eprint = "0910.3423",
    archivePrefix = "arXiv",
    primaryClass = "physics.ins-det",
    reportNumber = "CMS-CFT-09-004",
    doi = "10.1088/1748-0221/5/03/T03010",
    journal = "JINST",
    volume = "5",
    pages = "T03010",
    year = "2010"
}

@article{CMS:2009moq,
    author = "Chatrchyan, S and others",
    collaboration = "CMS",
    title = "{Precise Mapping of the Magnetic Field in the CMS Barrel Yoke using Cosmic Rays}",
    eprint = "0910.5530",
    archivePrefix = "arXiv",
    primaryClass = "physics.ins-det",
    reportNumber = "CMS-CFT-09-015",
    doi = "10.1088/1748-0221/5/03/T03021",
    journal = "JINST",
    volume = "5",
    pages = "T03021",
    year = "2010"
}

@article{CMSTracker:2009wak,
    author = "Adam, W. and others",
    collaboration = "CMS Tracker",
    title = "{Stand-alone Cosmic Muon Reconstruction Before Installation of the CMS Silicon Strip Tracker}",
    eprint = "0902.1860",
    archivePrefix = "arXiv",
    primaryClass = "physics.ins-det",
    doi = "10.1088/1748-0221/4/05/P05004",
    journal = "JINST",
    volume = "4",
    pages = "P05004",
    year = "2009"
}

@article{CMSTracker:2009pwu,
    author = "Adam, W. and others",
    collaboration = "CMS Tracker",
    title = "{Performance studies of the CMS Strip Tracker before installation}",
    eprint = "0901.4316",
    archivePrefix = "arXiv",
    primaryClass = "physics.ins-det",
    reportNumber = "CMS-NOTE-2008-032",
    doi = "10.1088/1748-0221/4/06/P06009",
    journal = "JINST",
    volume = "4",
    pages = "P06009",
    year = "2009"
}

@article{CMS:2008qxq,
    author = "Adam, Wolfgang and others",
    collaboration = "CMS",
    title = "{Track Reconstruction with Cosmic Ray Data at the Tracker Integration Facility}",
    reportNumber = "CERN-CMS-NOTE-2009-003, CMS-NOTE-2009-003",
    month = "9",
    year = "2008"
}

@article{CMS:2007eug,
    author = "Bayatian, G. L. and others",
    editor = "d'Enterria, David G. and others",
    collaboration = "CMS",
    title = "{CMS physics technical design report: Addendum on high density QCD with heavy ions}",
    reportNumber = "CERN-LHCC-2007-009",
    doi = "10.1088/0954-3899/34/11/008",
    journal = "J. Phys. G",
    volume = "34",
    pages = "2307--2455",
    year = "2007"
}

@article{CMS:2007nwy,
    author = "Bayatian, G. L. and others",
    editor = "Nash, J. and Acosta, D. and Smith, W. and Hall, G. and Baden, D. and Dallavalle, M.",
    collaboration = "CMS",
    title = "{CMS expression of interest in the SLHC}",
    reportNumber = "CERN-LHCC-2007-014, CERN-LHCC-G-131",
    month = "3",
    year = "2007"
}

@Comment{jabref-meta: databaseType:bibtex;}
