% Encoding: ISO-8859-1

@MISC{talk:goettingen2012,
  title = {{Top Quark Physics with CMS}},
  howpublished = {{Seminar, Univ. Goettingen (Germany)}},
  year = {January 2012},
  file = {:files/talk_goettingen2012.pdf:PDF}
}

@MISC{talk:cernsem2011,
  title = {{Top Quark Physics with CMS}},
  howpublished = {{Joint EP/PP/LPCC Seminar, CERN, Geneva (Switzerland)}},
  year = {June 2011},
  file = {:files/talk_cernsem2011.pdf:PDF}
}

@MISC{talk:karlsruhe06,
  title = {{Track based Alignment of the CMS Silicon Tracker}},
  howpublished = {{University of Karlsruhe (Germany)}},
  year = {September 2006},
  file = {:files/talk_karlsruhe06.pdf:PDF}
}

@Misc{talk:tracking_hh_210206,
  howpublished = {{University of Hamburg (Germany)}},
  title        = {{Track Reconstruction Algorithms at CMS}},
  year         = {February 2006},
  file         = {:files/talk_tracking_hh_210206.pdf:PDF},
}

@MISC{talk:epsem05,
  title = {{Hard Diffraction at ep and pp Colliders}},
  howpublished = {{EP Seminar (CERN)}},
  year = {April 2005},
  file = {:files/talk_epsem05.pdf:PDF}
}

@Misc{talk:erice01,
  howpublished = {{39th International School of Subnuclear Physics (Erice, Italy)}},
  title        = {{Hard Diffraction in ep Scattering at HERA}},
  year         = {September 2001},
  file         = {:files/talk_erice01.pdf:PDF},
}

@Misc{talk:fermi01,
  howpublished = {{Fermilab (USA)}},
  title        = {{Diffractive Jet Production in DIS - Probing the Structure of Colour Singlet Exchange}},
  year         = {May 2001},
  file         = {:files/talk_fermi01.pdf:PDF},
}

@Misc{talk:wisconsin01,
  howpublished = {{Univ. of Wisconsin-Madison (USA)}},
  title        = {{Diffractive Jet Production in DIS - Probing the Structure of Colour Singlet Exchange}},
  year         = {May 2001},
  file         = {:files/talk_fermi01.pdf:PDF},
}

@MISC{talk:desysem0501,
  title = {{Highlights from DIS 2001 in Bologna - Experimental Results}},
  howpublished = {{DESY Seminar (Hamburg, Germany)}},
  year = {May 2001},
  note = {Invited talk},
  file = {:files/talk_desysem0501.pdf:PDF}
}

@MISC{talk:hekoll00,
  title = {{What is the Pomeron? - Recent Results on Diffraction from the HERA
	ep Collider}},
  howpublished = {{University of Heidelberg, Kolloquium on High Energy Physics}},
  year = {October 2000},
  file = {:files/talk_hekoll00.pdf:PDF}
}

@MISC{talk:heidelberg99,
  title = {{Diffraction at HERA - Inclusive Measurements and the Final State}},
  howpublished = {{University of Heidelberg, Seminar at the Institute of High Energy
	Physics}},
  year = {June 1999}
}

@Comment{jabref-meta: databaseType:bibtex;}
