% This file was created with JabRef 2.8.
% Encoding: ISO8859_1

@MISC{talk:qcdlhc12,
  title = {{Top Quark Physics at the LHC}},
  howpublished = {{3rd Workshop on QCD at LHC (East Lansing, Michigan, USA)}},
  year = {August 2012},
  note = {Invited talk},
  file = {:files/talk_qcdlhc12.pdf:PDF}
}

@MISC{talk:rdms10,
  title = {{CMS Standard Model Physics Results}},
  howpublished = {{14th Annual RDMS CMS Collaboration Meeting (Varna, Bulgaria)}},
  year = {September 2010},
  note = {Invited talk},
  file = {:files/talk_rdms10.pdf:PDF}
}

@MISC{talk:terascale09,
  title = {{Top Quark Physics in Germany}},
  howpublished = {{3rd annual workshop of the Helmholtz Alliance 'Physics at the Terascale'
	(Hamburg, Germany)}},
  year = {November 2009},
  note = {Plenary summary talk},
  file = {:files/talk_terascale09.pdf:PDF}
}

@MISC{talk:london09,
  title = {{Early Top Quark Cross section measurements at the LHC}},
  howpublished = {{Workshop on Standard Model Discoveries with early LHC Data (London,
	UK)}},
  year = {March 2009},
  note = {Invited talk on behalf of the ATLAS and CMS collaborations},
  file = {:files/talk_london09.pdf:PDF}
}

@MISC{talk:heralhc2007,
  title = {{Update on Diffractive Parton Densities}},
  howpublished = {{HERA-LHC Workshop (DESY, Germany)}},
  year = {March 2007},
  note = {With P. R. Newman},
  file = {:files/talk_heralhc2007.pdf:PDF}
}

@MISC{talk:aliws06,
  title = {{Track Based Alignment in CMS}},
  howpublished = {{1st LHC Detector Alignment Workshop (CERN)}},
  year = {September 2006},
  file = {:files/talk_aliws06.pdf:PDF}
}

@MISC{talk:poster_ichep06,
  title = {{The CMS Silicon Tracker: Track Reconstruction and Alignment (Poster)}},
  howpublished = {{33rd Intl. Conference on High Energy Physics ICHEP 2006 (Moscow,
	Russia)}},
  year = {July 2006},
  file = {:files/talk_poster_ichep06.pdf:PDF}
}

@MISC{talk:heralhc06,
  title = {{Diffractive DIS Cross Sections and PDFs from Rapidity Gap and Leading
	Proton Data}},
  howpublished = {{HERA-LHC Workshop (CERN)}},
  year = {June 2006},
  file = {:files/talk_heralhc06.pdf:PDF}
}

@MISC{talk:beauty05,
  title = {{Prospects of measuring $B_s \rightarrow \mu \mu$ with the CMS detector}},
  howpublished = {{10th Intl. Conference on B-Physics at Hadron Machines, BEAUTY 2005
	(Assisi, Italy)}},
  year = {June 2005},
  note = {On behalf of the CMS collaboration},
  file = {:files/talk_beauty05.pdf:PDF}
}

@MISC{talk:dis05,
  title = {{HERA Diffractive Structure Function data and Parton Distributions}},
  howpublished = {{13th Intl. Workshop on Deep Inelastic Scattering, DIS 2005 (Madison,
	USA)}},
  year = {April 2005},
  note = {With P. Laycock},
  file = {:files/talk_dis05.pdf:PDF}
}

@MISC{talk:heralhc0305,
  title = {{HERA Diffractive Structure Function data and Parton Distributions}},
  howpublished = {{HERA-LHC Workshop (DESY)}},
  year = {March 2005},
  note = {With P.~R.~Newman},
  file = {:files/talk_heralhc0305.pdf:PDF}
}

@MISC{talk:lhc04pdf,
  title = {{D-PDFLIB/D-LHAPDF: Towards a library for diffractive parton distributions}},
  howpublished = {{HERA-LHC Workshop (CERN)}},
  year = {October 2004},
  file = {:files/talk_lhc04pdf.pdf:PDF}
}

@MISC{talk:lhc04jets,
  title = {{Diffractive Dijets in Photoproduction and DIS}},
  howpublished = {{HERA-LHC Workshop (CERN)}},
  year = {October 2004},
  file = {:files/talk_lhc04jets.pdf:PDF}
}

@MISC{talk:rio04det,
  title = {{Measuring Diffractive Processes at HERA}},
  howpublished = {{Diffraction at the LHC (Rio de Janeiro, Brazil)}},
  year = {April 2004},
  note = {On behalf of the H1 collaboration},
  file = {:files/talk_rio04det.pdf:PDF}
}

@MISC{talk:rio04pdf,
  title = {{Inclusive Diffraction at HERA: Diffractive pdf's and QCD factorization
	tests}},
  howpublished = {{Diffraction at the LHC (Rio de Janeiro, Brazil)}},
  year = {April 2004},
  note = {On behalf of the H1 collaboration},
  file = {:files/talk_rio04pdf.pdf:PDF}
}

@MISC{talk:lhc04,
  title = {{What can Diffraction at HERA offer the LHC? Part 1: Diffractive
	pdf's and QCD factorization tests}},
  howpublished = {{HERA-LHC Workshop (CERN)}},
  year = {March 2004},
  file = {:files/talk_lhc04.pdf:PDF}
}

@MISC{talk:dpf02dif,
  title = {{Hard diffraction at HERA}},
  howpublished = {{Meeting of the Division of Particles and Fields DPF of the APS (Williamsburg,
	USA)}},
  year = {May 2002},
  note = {On behalf of the H1 collaboration},
  file = {:files/dpf02dif.pdf:PDF}
}

@MISC{talk:dpf02qcd,
  title = {{Precision pQCD at HERA}},
  howpublished = {{Meeting of the Division of Particles and Fields DPF of the APS (Williamsburg,
	USA)}},
  year = {May 2002},
  note = {On behalf of the H1 collaboration},
  file = {:files/dpf02qcd.pdf:PDF}
}

@MISC{talk:bnlglue02,
  title = {{Hard Diffraction at HERA - Recent results and QCD interpretation}},
  howpublished = {{Workshop on Diffraction and glueball searches at RHIC (Brookhaven
	Lab, USA)}},
  year = {May 2002},
  note = {On behalf of the H1 collaboration},
  file = {:files/talk_bnlglue02.pdf:PDF}
}

@MISC{talk:dis02,
  title = {{NLO DGLAP QCD fit to H1 inclusive diffractive DIS data}},
  howpublished = {{10th Intl. Workshop on Deep Inelastic Scattering, DIS 2002 (Krakow,
	Poland)}},
  year = {May 2002},
  note = {On behalf of the H1 collaboration},
  file = {:files/talk_dis02.pdf:PDF}
}

@MISC{talk:heqcd01,
  title = {{Hard Diffraction: Results from H1 at HERA}},
  howpublished = {{High Energy QCD - Beyond the Pomeron (Brookhaven Lab, USA)}},
  year = {May 2001},
  note = {On behalf of the H1 collaboration},
  file = {:files/talk_heqcd01.pdf:PDF}
}

@MISC{talk:dis00,
  title = {{Diffractive Dijet and 3-Jet Electroproduction at HERA}},
  howpublished = {{8th Intl. Workshop on Deep Inelastic Scattering and QCD, DIS 2000
	(Liverpool, UK)}},
  year = {April 2000},
  note = {On behalf of the H1 collaboration},
  file = {:files/talk_dis00.pdf:PDF}
}

@MISC{talk:dpg00,
  title = {{Diffractive Dijet Electroproduction at HERA}},
  howpublished = {{Spring meeting of the German Physical Society DPG (Dresden, Germany)}},
  year = {March 2000},
  file = {:files/talk_dpg00.pdf:PDF}
}

@MISC{talk_telaviv99,
  title = {{Diffraction at HERA: Inclusive Measurements and the Final State}},
  howpublished = {{Workshop on small-x Physics (Tel Aviv, Israel)}},
  year = {June 1999},
  note = {On behalf of the H1 collaboration},
  file = {:files/talk_telaviv99.pdf:PDF}
}

@MISC{talk:dis99,
  title = {{Diffractive Dijet production at HERA}},
  howpublished = {{7th Intl. Workshop on Deep Inelastic Scattering and QCD, DIS 1999
	(DESY Zeuthen, Germany)}},
  year = {April 1999},
  note = {On behalf of the H1 collaboration},
  file = {:files/talk_dis99.pdf:PDF}
}

@MISC{talk:dpg99,
  title = {{Direkte Messung der Gluondichte im Pomeron mit diffraktiven 2-Jet-Ereignissen
	bei H1}},
  howpublished = {{Spring meeting of the German Physical Society DPG (Heidelberg, Germany)}},
  year = {March 1999}
}

@MISC{talk:dpg98,
  title = {{Untersuchung von 2-Jet-Ereignissen in der diffraktiven tiefinelastischen
	Streuung mit dem H1-Detektor}},
  howpublished = {{Spring meeting of the German Physical Society DPG (Freiburg, Germany)}},
  year = {March 1998},
  file = {:files/talk_dpg98.pdf:PDF}
}

