% Encoding: ISO-8859-1


@ARTICLE{:2011hk,
  author = {Chatrchyan, Serguei and others},
  title = {{M}easurement of the charge asymmetry in top-quark pair production
	in proton-proton collisions at sqrt(s) = 7 {T}e{V}},
  journal = {Phys.Lett.},
  year = {2012},
  volume = {B709},
  pages = {28-49},
  doi = "10.1016/j.physletb.2012.01.078",
  archiveprefix = {arXiv},
  collaboration = {CMS},
  eprint = {1112.5100},
  primaryclass = {hep-ex},
  reportnumber = {CMS-TOP-11-014, CERN-PH-EP-2011-217},
  slaccitation = {%%CITATION = ARXIV:1112.5100;%%},
  timestamp = {2012.01.25}
}

@ARTICLE{Chatrchyan:2011yy,
  author = {Chatrchyan, Serguei and others},
  title = {{M}easurement of the $t\bar{t}$ {P}roduction {C}ross {S}ection in
	pp {C}ollisions at 7 {T}e{V} in {L}epton + {J}ets {E}vents {U}sing
	b-quark {J}et {I}dentification},
  journal = {Phys.Rev.},
  year = {2011},
  volume = {D84},
  pages = {092004},
  archiveprefix = {arXiv},
  collaboration = {CMS},
  doi = {10.1103/PhysRevD.84.092004},
  eprint = {1108.3773},
  primaryclass = {hep-ex},
  slaccitation = {%%CITATION = ARXIV:1108.3773;%%},
  timestamp = {2011.09.28}
}

@ARTICLE{Chatrchyan:2011vp,
  author = {Chatrchyan, Serguei and others},
  title = {{M}easurement of the t-channel single top quark production cross
	section in pp collisions at sqrt(s) = 7 {T}e{V}},
  journal = {Phys.Rev.Lett.},
  year = {2011},
  volume = {107},
  pages = {091802},
  archiveprefix = {arXiv},
  collaboration = {CMS},
  doi = {10.1103/PhysRevLett.107.091802},
  eprint = {1106.3052},
  primaryclass = {hep-ex},
  slaccitation = {%%CITATION = ARXIV:1106.3052;%%}
}

@ARTICLE{Chatrchyan:2011nb,
  author = {Chatrchyan, Serguei and others},
  title = {{M}easurement of the t t-bar production cross section and the top
	quark mass in the dilepton channel in pp collisions at sqrt(s) =7
	{T}e{V}},
  journal = {JHEP},
  year = {2011},
  volume = {07},
  pages = {049},
  archiveprefix = {arXiv},
  collaboration = {CMS},
  doi = {10.1007/JHEP07(2011)049},
  eprint = {1105.5661},
  primaryclass = {hep-ex},
  slaccitation = {%%CITATION = 1105.5661;%%}
}

@ARTICLE{Khachatryan:2010ez,
  author = {Khachatryan, V. and others},
  title = {{F}irst {M}easurement of the {C}ross {S}ection for {T}op-{Q}uark
	{P}air {P}roduction in {P}roton-{P}roton {C}ollisions at $\sqrt{s}=7
	\rm\ {T}e{V}$},
  journal = {Phys.Lett.},
  year = {2011},
  volume = {B695},
  pages = {424-443},
  archiveprefix = {arXiv},
  collaboration = {CMS},
  doi = {10.1016/j.physletb.2010.11.058},
  eprint = {1010.5994},
  primaryclass = {hep-ex},
  slaccitation = {%%CITATION = 1010.5994;%%}
}

@Comment{jabref-meta: databaseType:bibtex;}
