% This file was created with JabRef 2.8.1.
% Encoding: ISO8859_1

@ARTICLE{cms-an-2013-069,
  author = {{Vhbb Analysis Team}},
  title = {{Search for the Standard Model Higgs Boson Produced in Association
	with W and Z and Decaying to Bottom Quarks}},
  journal = {CMS Analysis Note},
  year = {2013},
  volume = {AN 2013/069},
  timestamp = {2013.05.13},
  url = {http://cms.cern.ch/iCMS/jsp/db_notes/noteInfo.jsp?cmsnoteid=CMS\%20AN-2013/069}
}

@ARTICLE{cms-an-2012-349,
  author = {{Vhbb Analysis Team}},
  title = {{Search for the Standard Model Higgs Boson Produced in Association
	with W and Z and Decaying to Bottom Quarks}},
  journal = {CMS Analysis Note},
  year = {2012},
  volume = {AN 2012/349},
  timestamp = {2012.11.30},
  url = {http://cms.cern.ch/iCMS/jsp/db_notes/noteInfo.jsp?cmsnoteid=CMS\%20AN-2012/349}
}


@ARTICLE{cms-an-2011-337,
  author = {Plager, C. and Deisher, A. and Andrea, J. and Chierici, R. and Schilling,
	F.-P. and others},
  title = {{Combination of Top Pair Cross Section Results in Lepton+Jet, Dilepton,
	Tau, and Fully Hadronic Channels}},
  journal = {CMS Analysis Note},
  year = {2011},
  volume = {AN 2011/337},
  url = {http://cms.cern.ch/iCMS/jsp/db_notes/noteInfo.jsp?cmsnoteid=CMS\%20AN-2011/337}
}

@ARTICLE{cms-an-2011-132,
  author = {Plager, C. and Andrea, J. and Chierici, R. and Schilling, F.-P. and
	others},
  title = {{Dilepton and Lepton + Jets Combination}},
  journal = {CMS Analysis Note},
  year = {2011},
  volume = {AN 2011/132},
  url = {http://cms.cern.ch/iCMS/jsp/db_notes/noteInfo.jsp?cmsnoteid=CMS\%20AN-2011/132}
}

@ARTICLE{cms-an-2010-362,
  author = {{CMS Top PAG lepton+jets group}},
  title = {{Top Lepton Plus Jets: Electron and Muon Efficiency Measurements
	for 2010 Dataset}},
  journal = {CMS Analysis Note},
  year = {2010},
  volume = {AN 2010/362},
  url = {http://cms.cern.ch/iCMS/jsp/db_notes/noteInfo.jsp?cmsnoteid=CMS\%20AN-2010/362}
}

@ARTICLE{cms-an-2010-310,
  author = {Chwalek, T. and Gruschke, J. and Muller, T. and Ott, J. and Renz,
	M. and Schilling, F.-P. and Wagner-Kuhr, J.},
  title = {{Measurement of the ttbar cross section in the electron+jets and
	the muon+jets channels}},
  journal = {CMS Analysis Note},
  year = {2010},
  volume = {AN 2010/310},
  url = {http://cms.cern.ch/iCMS/jsp/db_notes/noteInfo.jsp?cmsnoteid=CMS\%20AN-2010/310}
}

@ARTICLE{cms-an-2010-297,
  author = {{CMS Top PAG lepton+jets group}},
  title = {{Selection of ttbar Candidates in the Lepton+Jets Channels}},
  journal = {CMS Analysis Note},
  year = {2010},
  volume = {AN 2010/297},
  url = {http://cms.cern.ch/iCMS/jsp/db_notes/noteInfo.jsp?cmsnoteid=CMS\%20AN-2010/297}
}

@ARTICLE{cms-an-2010-177,
  author = {M. Adams and others},
  title = {{Data-driven QCD Background Estimation in Lepton+Jets Events using
	7 TeV Data}},
  journal = {CMS Analysis Note},
  year = {2010},
  volume = {AN 2010/177},
  url = {http://cms.cern.ch/iCMS/jsp/openfile.jsp?tp=draft&files=AN2010_177_v6.pdf}
}

@ARTICLE{cms-an-2010-173,
  author = {M. Adams and others},
  title = {{Selection of ttbar Candidates in the Muon+Jets Channel}},
  journal = {CMS Analysis Note},
  year = {2010},
  volume = {AN 2010/173},
  url = {http://cms.cern.ch/iCMS/jsp/openfile.jsp?tp=draft&files=AN2010_173_v8.pdf}
}

@ARTICLE{cms-an-2010-172,
  author = {M. Barrett and others},
  title = {{Selection of ttbar Candidates in the Electron+Jets Channel}},
  journal = {CMS Analysis Note},
  year = {2010},
  volume = {AN 2010/172},
  url = {http://cms.cern.ch/iCMS/jsp/openfile.jsp?tp=draft&files=AN2010_172_v6.pdf}
}

@ARTICLE{cms-an-2009-085,
  author = {Speer, T. and Rizzi, A. and Saout, C. and Schilling, F.-P. and Scheurer,
	A. and Boccali, T. and Bocci, A. and Adam, W. and Schmidt, A.},
  title = {{Algorithms for b Jet identification in CMS}},
  journal = {CMS Analysis Note},
  year = {2009},
  volume = {AN 2009/085},
  url = {http://cms.cern.ch/iCMS/jsp/openfile.jsp?tp=draft&files=AN2009_085_v3.pdf}
}

@ARTICLE{cms-an-2009-080,
  author = {Chwalek, T. and Kiefer, J. and Muller, Th. and Renz, M. and Schilling,
	F.-P.},
  title = {{Prospects for the first Measurement of the ttbar Cross Section in
	the Lepton plus Jets Channel with the CMS Detector}},
  journal = {CMS Analysis Note},
  year = {2009},
  volume = {AN 2009/080},
  url = {http://cms.cern.ch/iCMS/jsp/openfile.jsp?tp=draft&files=AN2009_080_v4.pdf}
}

@ARTICLE{cms-an-2008-014,
  author = {Kiefer, J. and Muller, Th. and Schilling, F.-P. and Hammad, G.},
  title = {{Observability of Top Quark Pair Production in the Semileptonic Muon
	Channel with the first 10pb-1 of CMS Data}},
  journal = {CMS Analysis Note},
  year = {2008},
  volume = {AN 2008/014},
  url = {http://cms.cern.ch/iCMS/jsp/openfile.jsp?tp=draft&files=AN2008_014_v5.pdf}
}

@ARTICLE{cms-an-2008-016,
  author = {Andrea, J. and others},
  title = {{Measurement of the Top Quark Pair Production Cross Section with
	L=100pb-1 in Dileptonic Final States using the CMS Detector}},
  journal = {CMS Analysis Note},
  year = {2008},
  volume = {AN 2008/016},
  url = {http://cms.cern.ch/iCMS/jsp/openfile.jsp?tp=draft&files=AN2008_016_v2.pdf}
}

@ARTICLE{cms-in-2007-068,
  author = {Hansen, M. and others},
  title = {{The Top Quark Analysis Framework}},
  journal = {CMS Internal Note},
  year = {2007},
  volume = {IN 2007/068},
  url = {http://cms.cern.ch/iCMS/jsp/openfile.jsp?type=IN&year=2007&files=IN2007_068.pdf}
}

@ARTICLE{cms-an-2007-047,
  author = {Saout, C. and Scheurer, A. and Schilling, F.-P. and Schmidt, A.},
  title = {{Impact of Tracker Misalignment on the CMS b-Tagging Performance}},
  journal = {CMS Analysis Note},
  year = {2007},
  volume = {AN 2007/047},
  url = {http://cms.cern.ch/iCMS/jsp/openfile.jsp?tp=draft&files=AN2007_047_v8.pdf}
}

@ARTICLE{cms-an-2007-025,
  author = {Cuevas, J. and others},
  title = {{Measurements of the Top Quark Pair Production Cross Section with
	L=100pb-1 using the CMS Detector}},
  journal = {CMS Analysis Note},
  year = {2007},
  volume = {AN 2007/025},
  url = {http://cms.cern.ch/iCMS/jsp/openfile.jsp?tp=draft&files=AN2007_025_v2.pdf}
}

@ARTICLE{cms-an-2007-022,
  author = {Buchmuller, O. and others},
  title = {{Early measurements of top quark pair events with the first data
	of CMS}},
  journal = {CMS Analysis Note},
  year = {2007},
  volume = {AN 2007/022},
  url = {http://cms.cern.ch/iCMS/jsp/openfile.jsp?tp=draft&files=AN2007_022_v2.pdf}
}

@ARTICLE{cms-in-2007-036,
  author = {De Filippis, N. and Lampen, T. and Schilling, F.-P. and Schmidt,
	A. and Weber, M.},
  title = {{Update of Misalignment Scenarios for the CMS Tracker}},
  journal = {CMS Internal Note},
  year = {2007},
  volume = {IN 2007/036},
  url = {http://cms.cern.ch/iCMS/jsp/openfile.jsp?type=IN&year=2007&files=IN2007_036.pdf}
}

@ARTICLE{cms-in-2007-017,
  author = {Giolo-Nicollerat, A.-S. and Schilling, F.-P},
  title = {{K0s and Lambda0 Reconstruction with the CMS Silicon Tracker}},
  journal = {CMS Internal Note},
  year = {2007},
  volume = {IN 2007/017},
  url = {http://cms.cern.ch/iCMS/jsp/openfile.jsp?type=IN&year=2007&files=IN2007_017.pdf}
}

@ARTICLE{cms-in-2006-052,
  author = {Weber, M. and Wittmer, B. and Buchmuller, O. and Ronga, F. and Schilling,
	F.-P. and Palla, F.},
  title = {{Proposal for Track Based Alignment at the Tracker Commissioning
	Test}},
  journal = {CMS Internal Note},
  year = {2006},
  volume = {IN 2006/052},
  url = {http://cms.cern.ch/iCMS/jsp/openfile.jsp?type=IN&year=2006&files=IN2006_052.pdf}
}

@ARTICLE{cms-an-2005-057,
  author = {Karimaki, V. and Lampen, T. and Schilling, F.-P.},
  title = {{The HIP Algorithm for Track Based Alignment and its Application
	to the CMS Pixel Detector}},
  journal = {CMS Analysis Note},
  year = {2005},
  volume = {AN 2005/057},
  url = {http://cms.cern.ch/iCMS/jsp/openfile.jsp?tp=draft&files=AN2005_057_v1.pdf}
}

@ARTICLE{cms-an-2005-025,
  author = {D'Hondt, J. and others},
  title = {{Fitting of Event Topologies with External Kinematic Constraints
	in CMS}},
  journal = {CMS Analysis Note},
  year = {2005},
  volume = {AN 2005/025},
  url = {http://cms.cern.ch/iCMS/jsp/openfile.jsp?type=AN&year=2005&files=AN2005_025.pdf}
}

@ARTICLE{cms-an-2005-015,
  author = {Barbone, L. and others},
  title = {{Impact of Silicon Tracker Misalignment on Track and Vertex Reconstruction}},
  journal = {CMS Analysis Note},
  year = {2005},
  volume = {AN 2005/015},
  url = {http://cmsdoc.cern.ch/documents/05/an/AN2005_015.pdf}
}

@ARTICLE{cms-in-2005-051,
  author = {Schilling, F.-P.},
  title = {{Common Software Framework for Track based Alignment Algorithms in
	ORCA}},
  journal = {CMS Internal Note},
  year = {2005},
  volume = {IN 2005/051},
  url = {http://cms.cern.ch/iCMS/jsp/openfile.jsp?type=IN&year=2005&files=IN2005_051.pdf}
}


