% Encoding: ISO-8859-1

@Article{hig-13-012,
  author = {{CMS Collaboration}},
  title         = {{S}earch for the standard model {H}iggs boson produced in association with {W} or {Z} bosons, and decaying to bottom quarks},
  journal       = {CMS Physics Analysis Summary},
  year          = {2013},
  volume        = {PAS HIG-13-012},
  collaboration = {CMS},
  timestamp     = {2013.05.13},
  url           = {https://cds.cern.ch/record/1546801},
}

@ARTICLE{hig-12-044,
  author = {{CMS Collaboration}},
  title = {{S}earch for the standard model {H}iggs boson produced in association
	with {W} or {Z} bosons, and decaying to bottom quarks},
  journal = {CMS Physics Analysis Summary},
  year = {2012},
  volume = {PAS HIG-12-044},
  collaboration = {CMS},
  timestamp = {2013.02.12},
  url = {http://cdsweb.cern.ch/record/1493618}
}

@ARTICLE{top-11-001,
  author = {{CMS Collaboration}},
  title = {{C}ombination of top pair production cross sections in $pp$ collisions
	at 7 {T}e{V} and comparisons with theory},
  journal = {CMS Physics Analysis Summary},
  year = {2011},
  volume = {PAS TOP-11-001},
  collaboration = {CMS},
  timestamp = {2013.02.12},
  url = {http://cdsweb.cern.ch/record/1336491}
}

@ARTICLE{top-10-004,
  author = {{CMS Collaboration}},
  title = {{S}election of {T}op-{L}ike {E}vents in the {D}ilepton and {L}epton-plus-{J}ets
	{C}hannels in {E}arly 7 {T}e{V} {D}ata},
  journal = {CMS Physics Analysis Summary},
  year = {2010},
  volume = {PAS TOP-10-004},
  collaboration = {CMS},
  timestamp = {2013.02.12},
  url = {http://cdsweb.cern.ch/record/1280706}
}

@ARTICLE{btv-09-001,
  author = {{CMS Collaboration}},
  title = {{A}lgorithms for b {J}et {I}dentification in {CMS}},
  journal = {CMS Physics Analysis Summary},
  year = {2009},
  volume = {PAS BTV-09-001},
  collaboration = {CMS},
  timestamp = {2013.02.12},
  url = {http://cdsweb.cern.ch/record/1194494}
}

@ARTICLE{top-09-004,
  author = {{CMS Collaboration}},
  title = {{P}lans for an early {M}easurement of the $t\bar{t}$ {C}ross {S}ection
	in the {E}lectron-plus-{J}ets {C}hannel at $\sqrt{s} = 10 \rm\ {T}e{V}$},
  journal = {CMS Physics Analysis Summary},
  year = {2009},
  volume = {PAS TOP-09-004},
  collaboration = {CMS},
  timestamp = {2013.02.12},
  url = {http://cdsweb.cern.ch/record/1194520}
}

@ARTICLE{top-09-003,
  author = {{CMS Collaboration}},
  title = {{P}rospects for the first {M}easurement of the $t\bar{t}$ {C}ross
	{S}ection in the {M}uon-plus-{J}ets {C}hannel at $\sqrt{s} = 10 \rm\
	{T}e{V}$ with the {CMS} {D}etector},
  journal = {CMS Physics Analysis Summary},
  year = {2009},
  volume = {PAS TOP-09-003},
  collaboration = {CMS},
  timestamp = {2013.02.12},
  url = {http://cdsweb.cern.ch/record/1194519}
}

@ARTICLE{top-08-005,
  author = {{CMS Collaboration}},
  title = {{O}bservability of {T}op {Q}uark {P}air {P}roduction in the {S}emileptonic
	{M}uon {C}hannel with the first 10/pb of {CMS} {D}ata},
  journal = {CMS Physics Analysis Summary},
  year = {2008},
  volume = {PAS TOP-08-005},
  collaboration = {CMS},
  timestamp = {2013.02.12},
  url = {http://cdsweb.cern.ch/record/1198690}
}

@ARTICLE{top-08-002,
  author = {{CMS Collaboration}},
  title = {{M}easurement of the {T}op {Q}uark {P}air {P}roduction {C}ross {S}ection
	with {L}=100/pb in {D}ileptonic {F}inal {S}tates using the {CMS}
	{D}etector},
  journal = {CMS Physics Analysis Summary},
  year = {2008},
  volume = {PAS TOP-08-002},
  collaboration = {CMS},
  timestamp = {2013.02.12},
  url = {http://cdsweb.cern.ch/record/1198688}
}

@ARTICLE{Lampen:2008zz,
  author = {Lampen, T. and De Filippis, N. and Schilling, F.-P. and Schmidt,
	A. and Weber, M.},
  title = {{C}omprehensive set of misalignment scenarios for the {CMS} tracker},
  journal = {CMS Note},
  year = {2008},
  volume = {2008/029},
  timestamp = {2013.02.12},
  url = {http://cdsweb.cern.ch/record/1166326}
}

@ARTICLE{cms-note-2007-006,
  author = {{CMS Collaboration}},
  title = {{CMS} {C}omputing, {S}oftware and {A}nalysis {C}hallenge in 2006
	({CSA}06) {S}ummary},
  journal = {CMS Note},
  year = {2007},
  volume = {2007/006},
  collaboration = {CMS},
  timestamp = {2013.02.12},
  url = {http://cdsweb.cern.ch/record/1027030}
}


@ARTICLE{btv-07-003,
  author = {{CMS Collaboration}},
  title = {{I}mpact of {T}racker {M}isalignment on the {CMS} b-{T}agging {P}erformance},
  journal = {CMS Physics Analysis Summary},
  year = {2008},
  volume = {PAS BTV-07-003},
  collaboration = {CMS},
  timestamp = {2013.02.12},
  url = {http://cdsweb.cern.ch/record/1198691}
}

@ARTICLE{Albrow:2006xt,
  author = {Albrow, M. and others},
  title = {{P}rospects for diffractive and forward physics at the {LHC}},
  journal = {CERN LHCC},
  year = {2006},
  volume = {2006-039},
  timestamp = {2013.02.12},
  url = {http://cds.cern.ch/record/1005180}
}

@ARTICLE{Bayatian:2006zz,
  author = {Bayatian, G. L. and others},
  title = {{CMS} physics: {T}echnical design report, {V}ol. 1: {S}oftware and
	{D}etector {P}erformance},
  journal = {CERN LHCC},
  year = {2006},
  volume = {2006-001},
  collaboration = {CMS},
  timestamp = {2013.02.12},
  url = {http://cdsweb.cern.ch/record/922757}
}

@ARTICLE{Vanlaer:2006mx,
  author = {Vanlaer, P. and others},
  title = {{I}mpact of {CMS} silicon tracker misalignment on track and vertex
	reconstruction},
  journal = {CMS Note},
  year = {2006},
  volume = {2006/029},
  collaboration = {CMS},
  timestamp = {2013.02.12},
  url = {http://cdsweb.cern.ch/record/927378}
}

@ARTICLE{D'Hondt:2006bc,
  author = {D'Hondt, J. and others},
  title = {{F}itting of event topologies with external kinematic constraints
	in {CMS}},
  journal = {CMS Note},
  year = {2006},
  volume = {2006/023},
  collaboration = {CMS},
  timestamp = {2013.02.12},
  url = {http://cdsweb.cern.ch/record/926540}
}

@ARTICLE{Karimaki:2006az,
  author = {Karimaki, V. and Lampen, T. and Schilling, F.-P.},
  title = {{T}he {HIP} algorithm for track based alignment and its application
	to the {CMS} pixel detector},
  journal = {CMS Note},
  year = {2006},
  volume = {2006/018},
  collaboration = {CMS},
  timestamp = {2013.02.12},
  url = {http://cdsweb.cern.ch/record/926537}
}

@Comment{jabref-meta: databaseType:bibtex;}
