% This file was created with JabRef 2.9.2.
% Encoding: ISO8859_1

@ARTICLE{tracker:2009mq,
  author = {Adam, W. and others},
  title = {{S}tand-alone {C}osmic {M}uon {R}econstruction {B}efore {I}nstallation
	of the {CMS} {S}ilicon {S}trip {T}racker},
  journal = {JINST},
  year = {2009},
  volume = {4},
  pages = {P05004},
  archiveprefix = {arXiv},
  collaboration = {CMS Tracker},
  eprint = {0902.1860},
  primaryclass = {physics.ins-det},
  slaccitation = {%%CITATION = 0902.1860;%%}
}

@ARTICLE{:2009dia,
  author = {Adam, W. and others},
  title = {{P}erformance studies of the {CMS} {S}trip {T}racker before installation},
  journal = {JINST},
  year = {2009},
  volume = {4},
  pages = {P06009},
  archiveprefix = {arXiv},
  collaboration = {CMS Tracker},
  doi = {10.1088/1748-0221/4/06/P06009},
  eprint = {0901.4316},
  primaryclass = {physics.ins-det},
  slaccitation = {%%CITATION = 0901.4316;%%}
}

@ARTICLE{D'Enterria:2007xr,
  author = {d'Enterria, (Ed. ), David G. and others},
  title = {{CMS} physics technical design report: {A}ddendum on high density
	{QCD} with heavy ions},
  journal = {J. Phys.},
  year = {2007},
  volume = {G34},
  pages = {2307-2455},
  collaboration = {CMS},
  doi = {10.1088/0954-3899/34/11/008},
  slaccitation = {%%CITATION = JPHGB,G34,2307;%%}
}

@ARTICLE{Nash:2007xs,
  author = {Nash, (Ed. ), J. and others},
  title = {{CMS} expression of interest in the {SLHC}},
  note = {CERN-LHCC-2007-014},
  collaboration = {CMS},
  url = {http://cdsweb.cern.ch/record/1020206}
}

@ARTICLE{mtccnote,
  title = {{T}he {CMS} {M}agnet {T}est and {C}osmic {C}hallenge ({MTCC} {P}hase
	{I} and {II}) {O}perational {E}xperience and {L}essons {L}earnt},
  year = {2007},
  note = {CERN-LHCC-2007-011},
  collaboration = {CMS},
  url = {http://cdsweb.cern.ch/record/1281672}
}

