% Encoding: ISO-8859-1

@article{Chatrchyan:2016mqq,
    author = "Chatrchyan, Serguei and others",
    collaboration = "CMS",
    title = "{Measurement of the mass difference between top quark and antiquark in pp collisions at $\sqrt{s} = 8$ TeV}",
    eprint = "1610.09551",
    archivePrefix = "arXiv",
    primaryClass = "hep-ex",
    reportNumber = "CMS-TOP-12-031, CERN-EP-2016-249",
    doi = "10.1016/j.physletb.2017.04.028",
    journal = "Phys. Lett. B",
    volume = "770",
    pages = "50--71",
    year = "2017"
}

@Article{higgsfermions,
  author        = {Chatrchyan, Serguei and others},
  title         = {{Evidence for the direct decay of the 125 GeV Higgs boson to fermions}},
  journal       = {Nature Phys.},
  year          = {2014},
  volume        = {10},
  pages         = {557},
  archiveprefix = {arXiv},
  collaboration = {CMS},
  doi           = {10.1038/nphys3005},
  eprint        = {1401.6527},
  file          = {:files/higgsfermions.pdf:PDF},
  primaryclass  = {hep-ex},
  reportnumber  = {CMS-HIG-13-033, CERN-PH-EP-2014-004},
  slaccitation  = {%%CITATION = ARXIV:1401.6527;%%},
}

@Article{hbbpaper,
  Title                    = {{S}earch for the standard model {H}iggs boson produced in association with a {W} or a {Z} boson and decaying to bottom quarks},
  Author                   = {Chatrchyan, Serguei and others},
  Journal                  = {Phys. Rev.},
  Year                     = {2014},
  Pages                    = {012003},
  Volume                   = {D89},

  Archiveprefix            = {arXiv},
  Collaboration            = {CMS},
  Doi                      = {10.1103/PhysRevD.89.012003},
  Eprint                   = {1310.3687},
  Primaryclass             = {hep-ex},
  Reportnumber             = {CMS-HIG-13-012, CERN-PH-EP-2013-188},
  Slaccitation             = {%%CITATION = ARXIV:1310.3687;%%},
  Timestamp                = {2013.09.17}
}

@Article{Chatrchyan:2013lba,
  Title                    = {{Observation of a new boson with mass near 125 GeV in pp
 collisions at $\sqrt{s}$ = 7 and 8 TeV}},
  Author                   = {Chatrchyan, Serguei and others},
  Journal                  = {JHEP},
  Year                     = {2013},
  Pages                    = {081},
  Volume                   = {1306},

  Archiveprefix            = {arXiv},
  Collaboration            = {CMS},
  Doi                      = {10.1007/JHEP06(2013)081},
  Eprint                   = {1303.4571},
  Primaryclass             = {hep-ex},
  Reportnumber             = {CMS-HIG-12-036, CERN-PH-EP-2013-035},
  Slaccitation             = {%%CITATION = ARXIV:1303.4571;%%}
}

@Article{science-higgs,
  author        = {Chatrchyan, Serguei and others},
  title         = {{A New Boson with a Mass of 125 GeV Observed with the CMS Experiment at the Large Hadron Collider}},
  journal       = {Science},
  year          = {2012},
  volume        = {338},
  pages         = {1569},
  collaboration = {CMS},
  doi           = {10.1126/science.1230816},
  file          = {:files/science-higgs.pdf:PDF},
  timestamp     = {2013.02.12},
}

@Article{:2012gu,
  Title                    = {{Observation of a new boson at a mass of 125 GeV with the CMS experiment at the LHC}},
  Author                   = {Chatrchyan, Serguei and others},
  Journal                  = {Phys.Lett.},
  Year                     = {2012},
  Pages                    = {30-61},
  Volume                   = {B716},

  Archiveprefix            = {arXiv},
  Collaboration            = {CMS},
  Doi                      = {10.1016/j.physletb.2012.08.021},
  Eprint                   = {1207.7235},
  Primaryclass             = {hep-ex},
  Reportnumber             = {CMS-HIG-12-028, CERN-PH-EP-2012-220},
  Slaccitation             = {%%CITATION = ARXIV:1207.7235;%%},
  Timestamp                = {2013.02.20}
}

@Article{Chatrchyan:2012ep,
  Title                    = {{Measurement of the single-top-quark $t$-channel cross section in $pp$ collisions at $\sqrt{s}=7$ TeV}},
  Author                   = {Chatrchyan, Serguei and others},
  Journal                  = {JHEP},
  Year                     = {2012},
  Pages                    = {035},
  Volume                   = {1212},

  Archiveprefix            = {arXiv},
  Collaboration            = {CMS},
  Doi                      = {10.1007/JHEP12(2012)035},
  Eprint                   = {1209.4533},
  Primaryclass             = {hep-ex},
  Reportnumber             = {CMS-TOP-11-021, CERN-PH-EP-2012-274},
  Slaccitation             = {%%CITATION = ARXIV:1209.4533;%%},
  Timestamp                = {2012.11.30}
}

@Article{:2012xv,
  Title                    = {{Inclusive and differential measurements of the $t \bar{t}$ charge asymmetry in proton-proton collisions at 7 TeV}},
  Author                   = {Chatrchyan, Serguei and others},
  Journal                  = {Phys.Lett.},
  Year                     = {2012},
  Pages                    = {129-150},
  Volume                   = {B717},

  Archiveprefix            = {arXiv},
  Collaboration            = {CMS},
  Doi                      = {10.1016/j.physletb.2012.09.028},
  Eprint                   = {1207.0065},
  Primaryclass             = {hep-ex},
  Reportnumber             = {CMS-TOP-11-030, CERN-PH-EP-2012-175},
  Slaccitation             = {%%CITATION = ARXIV:1207.0065;%%},
  Timestamp                = {2012.11.30}
}

@Article{Chatrchyan:2011ew,
  author        = {Chatrchyan, Serguei and others},
  title         = {{M}easurement of the {T}op-antitop {P}roduction {C}ross {S}ection in pp {C}ollisions at sqrt(s)=7 {T}e{V} using the {K}inematic {P}roperties of {E}vents with {L}eptons and {J}ets},
  journal       = {Eur. Phys. J.},
  year          = {2011},
  volume        = {C71},
  pages         = {1721},
  archiveprefix = {arXiv},
  collaboration = {CMS},
  doi           = {10.1140/epjc/s10052-011-1721-3},
  eprint        = {1106.0902},
  file          = {:files/Chatrchyan_2011ew.pdf:PDF},
  primaryclass  = {hep-ex},
  slaccitation  = {%%CITATION = 1106.0902;%%},
}

@Article{Chatrchyan:2009sr,
  Title                    = {{Alignment of the CMS Silicon Tracker during
 Commissioning with Cosmic Rays}},
  Author                   = {Chatrchyan, S and others},
  Journal                  = {JINST},
  Year                     = {2010},
  Pages                    = {T03009},
  Volume                   = {5},

  Archiveprefix            = {arXiv},
  Collaboration            = {CMS},
  Doi                      = {10.1088/1748-0221/5/03/T03009},
  Eprint                   = {0910.2505},
  Primaryclass             = {physics.ins-det},
  Reportnumber             = {CMS-CFT-09-003},
  Slaccitation             = {%%CITATION = ARXIV:0910.2505;%%}
}

@Article{tifalignment,
  Title                    = {{A}lignment of the {CMS} {S}ilicon {S}trip {T}racker during standalone {C}ommissioning},
  Author                   = {Adam, W. and others},
  Journal                  = {JINST},
  Year                     = {2009},
  Pages                    = {T07001},
  Volume                   = {4},

  Archiveprefix            = {arXiv},
  Collaboration            = {CMS Tracker},
  Doi                      = {10.1088/1748-0221/4/07/T07001},
  Eprint                   = {0904.1220},
  Primaryclass             = {physics.ins-det},
  Slaccitation             = {%%CITATION = 0904.1220;%%}
}

@Article{Adam:2008zza,
  Title                    = {{T}he {CMS} tracker operation and performance at the {M}agnet {T}est and {C}osmic {C}hallenge},
  Author                   = {Adam, W. and others},
  Journal                  = {JINST},
  Year                     = {2008},
  Pages                    = {P07006},
  Volume                   = {3},

  Collaboration            = {CMS Tracker},
  Doi                      = {10.1088/1748-0221/3/07/P07006},
  Slaccitation             = {%%CITATION = JINST,3,P07006;%%}
}

@Article{:2008zzk,
  Title                    = {{T}he {CMS} experiment at the {CERN} {LHC}},
  Author                   = {Adolphi, R. and others},
  Journal                  = {JINST},
  Year                     = {2008},
  Pages                    = {S08004},
  Volume                   = {3},

  Collaboration            = {CMS},
  Doi                      = {10.1088/1748-0221/3/08/S08004},
  Slaccitation             = {%%CITATION = JINST,3,S08004;%%},
  Timestamp                = {2013.02.20}
}

@Article{Ball:2007zza2,
  Title                    = {{CMS technical design report, volume II: Physics performance}},
  Author                   = {Bayatian, G.L. and others},
  Journal                  = {J. Phys.},
  Year                     = {2007},
  Pages                    = {995-1579},
  Volume                   = {G34},

  Collaboration            = {CMS},
  Doi                      = {10.1088/0954-3899/34/6/S01},
  Slaccitation             = {%%CITATION = CERN-LHCC-2006-021%%},
  Timestamp                = {2013.02.20}
}

@Article{Karimaki:2006gh,
  author       = {Karimaki, V. and Lampen, T. and Schilling, F.-P.},
  title        = {{T}rack-based alignment of composite detector structures},
  journal      = {IEEE Trans. Nucl. Sci.},
  year         = {2006},
  volume       = {53},
  pages        = {3830-3833},
  doi          = {10.1109/TNS.2006.884384},
  file         = {:files/Karimaki_2006gh.pdf:PDF},
  slaccitation = {%%CITATION = IETNA,53,3830;%%},
}

@Comment{jabref-meta: databaseType:bibtex;}
