% Encoding: ISO-8859-1

@inproceedings{Schilling:2013nca,
  author = {Schilling, Frank-Peter},
  title = {{Measurements of the Top Quark Pair-Production Cross Section}},
  journal = {EPJ Web Conf.},
  year = {2013},
  volume = {49},
  pages = {04001},
  booktitle = {23rd Hadron Collider Physics Symposium, Kyoto, Japan, November
	2012},
  archiveprefix = {arXiv},
  doi = {10.1051/epjconf/20134904001},
  eprint = {1302.4642},
  primaryclass = {hep-ex},
  reportnumber = {CMS-CR-2013-022},
  slaccitation = {%%CITATION = ARXIV:1302.4642;%%},
  timestamp = {2013.02.20}
}

@inproceedings{Schilling:2010ee,
    author = "Schilling, Frank-Peter",
    title = "{Top Quark Studies with the first CMS Data}",
    booktitle = "{21st Hadron Collider Physics Symposium, Toronto, Canada, August 2010}",
    eprint = "1010.2393",
    archivePrefix = "arXiv",
    primaryClass = "hep-ex",
    reportNumber = "CMS-CR-2010-172",
    note="\href{http://arxiv.org/abs/1010.2393}{arXiv:1010.2393}",
    year={2010},
}

@inproceedings{Schilling:2009ea,
  author        = {Schilling, Frank-Peter},
  title         = {{QCD and Top Quark Physics at the LHC}},
  journal       = {PoS},
  year          = {2008},
  volume        = {LHC2008},
  pages         = {047},
  booktitle     = {4th Intl. Conference on Physics at the LHC, Split, Croatia, September 2008},
  archiveprefix = {arXiv},
  doi           = {10.22323/1.055.0047},
  eprint        = {0901.4840},
  primaryclass  = {hep-ex},
  slaccitation  = {%%CITATION = 0901.4840;%%},
}

@inproceedings{Schilling:2007vz,
  author        = {Schilling, Frank-Peter},
  title         = {{Early Electroweak and Top Quark Physics with CMS}},
  year          = {2007},
  pages         = {447-450},
  booktitle         = {15th Intl. Workshop on Deep-Inelastic Scattering and Related Subjects (DIS2007), Munich, Germany, April 2007},
  archiveprefix = {arXiv},
  doi           = {10.3204/proc07-01/61},
  eprint        = {0706.2940},
  primaryclass  = {hep-ex},
  slaccitation  = {%%CITATION = 0706.2940;%%},
}

@inproceedings{Schilling:2007iq,
  author        = {Schilling, Frank-Peter},
  title         = {{Track Based Alignment in CMS}},
  year          = {2007},
  booktitle     = {1st LHC Detector Alignment Workshop, Geneva, Switzerland, September 2006},
  archiveprefix = {arXiv},
  doi           = {10.5170/CERN-2007-004.181},
  eprint        = {0709.3368},
  primaryclass  = {physics.ins-det},
  slaccitation  = {%%CITATION = 0709.3368;%%},
}

@inproceedings{Arce:2006zza,
  author = {Arce, P. and Buchmuller, O. and Schilling, F. P. and Vila, I. and Weber, M.},
  title  = {{Introduction to the CMS contribution}},
  booktitle   = {1st LHC Detector Alignment Workshop, Geneva, Switzerland, September 2006},
  year   = {2007},
  doi    = {10.5170/CERN-2007-004.173},
}

@inproceedings{Buchmuller:2007zz,
  author = {Buchmuller, O. and Schilling, F. P.},
  title = {{Status and commissioning of the CMS experiment}},
  journal = {Nucl. Phys. Proc. Suppl.},
  year = {2007},
  volume = {170},
  pages = {264-272},
  booktitle = {BEAUTY 2006, Oxford, UK, September 2006},
  archiveprefix = {arXiv},
  doi = {10.1016/j.nuclphysbps.2007.05.029},
  eprint = {hep-ex/0701019},
  slaccitation = {%%CITATION = NUPHZ,170,264;%%}
}

@inproceedings{contrib-chep2006,
  author  = {Karimaki, V. and Lampen, T. and Schilling, F.-P.},
  title   = {{Track based alignment of composite detector structures}},
  journal = {IEEE Trans. Nucl. Sci.},
  year    = {2006},
  volume  = {53},
  pages   = {3830-3833},
  booktitle  = {CHEP 2006, Mumbai, India},
  doi     = {10.1109/TNS.2006.884384},
}

@inproceedings{Schilling:2006ic,
  author = {Schilling, F.-P.},
  title = {{Track reconstruction and alignment with the CMS silicon tracker}},
  year = {2006},
  booktitle = {33rd Intl. Conference on High Energy Physics (ICHEP
	06), Moscow, Russia, July 2006},
  archiveprefix = {arXiv},
  eprint = {physics/0610005},
  slaccitation = {%%CITATION = PHYSICS/0610005;%%},
  note="\href{http://arxiv.org/abs/physics/0610005}{arXiv:physics/0610005}"
}

@inproceedings{Barbone:2006tw,
  author       = {Barbone, L. and others},
  title        = {{Impact of CMS silicon tracker misalignment on track and vertex reconstruction}},
  journal      = {Nucl. Instrum. Meth.},
  year         = {2006},
  volume       = {A566},
  pages        = {45-49},
  booktitle     = {Workshop on Tracking in High Multiplicity Environments (TIME 05), Zurich, Switzerland, October 2005},
  doi          = {10.1016/j.nima.2006.05.041},
  file         = {:files/Barbone_2006tw.pdf:PDF},
  slaccitation = {%%CITATION = NUIMA,A566,45;%%},
}

@inproceedings{Schilling:2005hv,
  author = {Schilling, Frank-Peter},
  title = {{Prospects for measuring $B_s \rightarrow \mu \mu$ with the CMS detector}},
  journal = {Nucl. Phys. B (Proc. Suppl.)},
  year = {2006},
  volume = {156},
  pages = {114-118},
  booktitle = {10th Intl. Conference on B Physics at Hadron Machines (BEAUTY
	2005), Assisi, Italy, June 2005},
  archiveprefix = {arXiv},
  doi = {10.1016/j.nuclphysbps.2006.03.062},
  eprint = {hep-ex/0509009},
  slaccitation = {%%CITATION = HEP-EX/0509009;%%}
}

@Comment{jabref-meta: databaseType:bibtex;}
