% Encoding: ISO-8859-1

@Unpublished{H1prelim-04-111,
  author = {{H1 Collaboration}},
  title         = {{Diffractive D* Meson Production in Deep Inelastic ep Collisions at HERA}},
  note          = {Paper 6-0178 subm. to ICHEP 2004, Beijing, China},
  year          = {2004},
  collaboration = {H1},
  file          = {:files/H1prelim-04-111.pdf:PDF},
  url           = {http://www-h1.desy.de/h1/www/publications/htmlsplit/H1prelim-04-111.long.html},
}

@Unpublished{H1prelim-04-113,
  author = {{H1 Collaboration}},
  title         = {{Dijets in Diffractive Photoproduction and Deep-Inelastic Scattering at HERA}},
  note          = {Paper 6-0177 subm. to ICHEP 2004, Beijing, China},
  year          = {2004},
  collaboration = {H1},
  file          = {:files/H1prelim-04-113.pdf:PDF},
  url           = {http://www-h1.desy.de/h1/www/publications/htmlsplit/H1prelim-04-113.long.html},
}

@Unpublished{H1prelim-03-011,
  author = {{H1 Collaboration}},
  title         = {{Measurement of the Inclusive Cross Section for Diffractive Deep Inelastic Scattering at High Q2}},
  note          = {Paper 6-0175 subm. to ICHEP 2004, Beijing, China},
  year          = {2004},
  collaboration = {H1},
  file          = {:files/H1prelim-03-011.pdf:PDF},
  url           = {http://www-h1.desy.de/h1/www/publications/htmlsplit/H1prelim-03-011.long.html},
}

@Unpublished{H1prelim-03-015,
  author = {{H1 Collaboration}},
  title         = {{Comparison at NLO between Predictions from QCD Fits to F2D and and Diffractive Final State Observables at HERA}},
  note          = {Paper 113 subm. to EPS-HEP 2003, Aachen, Germany},
  year          = {2003},
  collaboration = {H1},
  file          = {:files/H1prelim-03-015.pdf:PDF},
  url           = {http://www-h1.desy.de/h1/www/publications/htmlsplit/H1prelim-03-015.long.html},
}

@Unpublished{H1prelim-02-113,
  author = {{H1 Collaboration}},
  title         = {{Dijets in Diffractive Photoproduction at HERA}},
  note          = {Paper 087 subm. to EPS-HEP 2003, Aachen, Germany},
  year          = {2003},
  collaboration = {H1},
  file          = {:files/H1prelim-02-113.pdf:PDF},
  url           = {http://www-h1.desy.de/h1/www/publications/htmlsplit/H1prelim-02-113.long.html},
}

@Unpublished{H1prelim-02-012,
  author = {{H1 Collaboration}},
  title         = {{Measurement and NLO DGLAP QCD Interpretation of Diffractive Deep-Inelastic Scattering at HERA}},
  note          = {Paper 980 subm. to ICHEP 2002, Amsterdam, The Netherlands},
  year          = {2002},
  collaboration = {H1},
  file          = {:files/H1prelim-02-012.pdf:PDF},
  url           = {http://www-h1.desy.de/h1/www/publications/htmlsplit/H1prelim-02-012.long.html},
}

@Unpublished{H1prelim-02-112,
  author = {{H1 Collaboration}},
  title         = {{Measurement of the Diffractive DIS Cross Section at low Q2}},
  note          = {Paper 981 subm. to ICHEP 2002, Amsterdam, The Netherlands},
  year          = {2002},
  collaboration = {H1},
  file          = {:files/H1prelim-02-112.pdf:PDF},
  url           = {http://www-h1.desy.de/h1/www/publications/htmlsplit/H1prelim-02-112.long.html},
}

@Unpublished{H1prelim-01-111,
  author = {{H1 Collaboration}},
  title         = {{Measurement of the Diffractive Structure Function F2D(3)(beta,Q2,xpom) at HERA}},
  note          = {Paper 808 subm. to EPS-HEP 2001, Budapest, Hungary and paper 500 subm. to Lepton-Photon 2001, Rome, Italy},
  year          = {2001},
  collaboration = {H1},
  file          = {:files/H1prelim-01-111.pdf:PDF},
  url           = {http://www-h1.desy.de/h1/www/publications/htmlsplit/H1prelim-01-111.long.html},
}

@Unpublished{osaka00,
   author = {{H1 Collaboration}},
 title         = {{Diffractive Jet-Production in Deep-Inelastic e+p Collisions at HERA}},
  note          = {Paper 960 subm. to ICHEP 2000, Osaka, Japan},
  year          = {2000},
  collaboration = {H1},
  file          = {:files/osaka00.pdf:PDF},
  url           = {http://www-h1.desy.de/h1/www/publications/htmlsplit/H1prelim-00-014.long.html},
}

@Unpublished{tampere99,
  author = {{H1 Collaboration}},
  title         = {{Diffractive Dijet Electroproduction at HERA}},
  note          = {Paper 157ae subm. to EPS-HEP 1999, Tampere, Finland},
  year          = {1999},
  collaboration = {H1},
  file          = {:files/tampere99.pdf:PDF},
  url           = {http://www-h1.desy.de/h1/www/psfiles/confpap/eps99/99-131-schilling-paper.ps},
}

@Comment{jabref-meta: databaseType:bibtex;}
