% Encoding: UTF-8

@Article{Aktas:2003zi,
     author    = "Aktas, A. and others",
 collaboration = "H1",
     title     = "{Diffractive photoproduction of $J/\psi$ mesons with large
                  momentum transfer at HERA}",
     journal   = "Phys. Lett.",
     volume    = "B568",
     year      = "2003",
     pages     = "205-218",
     eprint    = "hep-ex/0306013",
     archivePrefix = "arXiv",
     doi       = "10.1016/j.physletb.2003.06.056",
     SLACcitation  = "%%CITATION = HEP-EX/0306013;%%"
}

@Article{Adloff:2002dw,
     author    = "Adloff, C. and others",
 collaboration = "H1",
     title     = "{Search for odderon-induced contributions to exclusive pi0
                  photoproduction at HERA}",
     journal   = "Phys. Lett.",
     volume    = "B544",
     year      = "2002",
     pages     = "35-43",
     eprint    = "hep-ex/0206073",
     archivePrefix = "arXiv",
     doi       = "10.1016/S0370-2693(02)02479-6",
     SLACcitation  = "%%CITATION = HEP-EX/0206073;%%"
}

@Article{Adloff:2002tb,
     author    = "Adloff, C. and others",
 collaboration = "H1",
     title     = "{A measurement of the t dependence of the helicity
                  structure of  diffractive rho meson electroproduction at
                  HERA}",
     journal   = "Phys. Lett.",
     volume    = "B539",
     year      = "2002",
     pages     = "25-39",
     eprint    = "hep-ex/0203022",
     archivePrefix = "arXiv",
     doi       = "10.1016/S0370-2693(02)02035-X",
     SLACcitation  = "%%CITATION = HEP-EX/0203022;%%"
}

@Article{Adloff:2002em,
     author    = "Adloff, C. and others",
 collaboration = "H1",
     title     = "{Energy flow and rapidity gaps between jets in
                  photoproduction at HERA}",
     journal   = "Eur. Phys. J.",
     volume    = "C24",
     year      = "2002",
     pages     = "517-527",
     eprint    = "hep-ex/0203011",
     archivePrefix = "arXiv",
     doi       = "10.1007/s10052-002-0988-9",
     SLACcitation  = "%%CITATION = HEP-EX/0203011;%%"
}

@Comment{jabref-meta: databaseType:bibtex;}
