% Encoding: ISO-8859-1

@Article{Aktas:2006hy,
  author        = {Aktas, A. and others},
  title         = {{Measurement and QCD analysis of the diffractive deep- inelastic scattering cross-section at HERA}},
  journal       = {Eur. Phys. J.},
  year          = {2006},
  volume        = {C48},
  pages         = {715-748},
  archiveprefix = {arXiv},
  collaboration = {H1},
  doi           = {10.1140/epjc/s10052-006-0035-3},
  eprint        = {hep-ex/0606004},
  file          = {:files/Aktas_2006hy.pdf:PDF},
  slaccitation  = {%%CITATION = HEP-EX/0606004;%%},
}

@Article{Adloff:2000qi,
  author        = {Adloff, C. and others},
  title         = {{Diffractive jet production in deep inelastic $e^{+} p$ collisions at HERA}},
  journal       = {Eur. Phys. J.},
  year          = {2001},
  volume        = {C20},
  pages         = {29-49},
  archiveprefix = {arXiv},
  collaboration = {H1},
  doi           = {10.1007/s100520100634},
  eprint        = {hep-ex/0012051},
  file          = {:files/Adloff_2000qi.pdf:PDF},
  slaccitation  = {%%CITATION = HEP-EX/0012051;%%},
}

@Comment{jabref-meta: databaseType:bibtex;}
