% This file was created with JabRef 2.9.2.
% Encoding: ISO8859_1

@ARTICLE{Aktas:2005xu,
  author = {Aktas, A. and others},
  title = {{Elastic J/psi production at HERA}},
  journal = {Eur. Phys. J.},
  year = {2006},
  volume = {C46},
  pages = {585-603},
  archiveprefix = {arXiv},
  collaboration = {H1},
  doi = {10.1140/epjc/s2006-02519-5},
  eprint = {hep-ex/0510016},
  slaccitation = {%%CITATION = HEP-EX/0510016;%%}
}

@ARTICLE{Aktas:2005up,
  author = {Aktas, A. and others},
  title = {{Forward jet production in deep inelastic scattering at HERA}},
  journal = {Eur. Phys. J.},
  year = {2006},
  volume = {C46},
  pages = {27-42},
  archiveprefix = {arXiv},
  collaboration = {H1},
  doi = {10.1140/epjc/s2005-02471-x},
  eprint = {hep-ex/0508055},
  slaccitation = {%%CITATION = HEP-EX/0508055;%%}
}

@ARTICLE{Aktas:2005iv,
  author = {Aktas, A. and others},
  title = {{A determination of electroweak parameters at HERA}},
  journal = {Phys. Lett.},
  year = {2006},
  volume = {B632},
  pages = {35-42},
  archiveprefix = {arXiv},
  collaboration = {H1},
  doi = {10.1016/j.physletb.2005.10.035},
  eprint = {hep-ex/0507080},
  slaccitation = {%%CITATION = HEP-EX/0507080;%%}
}

@ARTICLE{Aktas:2005iw,
  author = {Aktas, A. and others},
  title = {{Measurement of F2(c anti-c) and F2(b anti-b) at low Q**2 and x using
	the H1 vertex detector at HERA}},
  journal = {Eur. Phys. J.},
  year = {2006},
  volume = {C45},
  pages = {23-33},
  archiveprefix = {arXiv},
  collaboration = {H1},
  doi = {10.1140/epjc/s2005-02415-6},
  eprint = {hep-ex/0507081},
  slaccitation = {%%CITATION = HEP-EX/0507081;%%}
}

@ARTICLE{Aktas:2005pr,
  author = {Aktas, A. and others},
  title = {{Search for leptoquark bosons in e p collisions at HERA}},
  journal = {Phys. Lett.},
  year = {2005},
  volume = {B629},
  pages = {9-19},
  archiveprefix = {arXiv},
  collaboration = {H1},
  doi = {10.1016/j.physletb.2005.09.048},
  eprint = {hep-ex/0506044},
  slaccitation = {%%CITATION = HEP-EX/0506044;%%}
}

@ARTICLE{Aktas:2005ty,
  author = {Aktas, A. and others},
  title = {{Measurement of deeply virtual Compton scattering at HERA}},
  journal = {Eur. Phys. J.},
  year = {2005},
  volume = {C44},
  pages = {1-11},
  archiveprefix = {arXiv},
  collaboration = {H1},
  doi = {10.1140/epjc/s2005-02345-3},
  eprint = {hep-ex/0505061},
  slaccitation = {%%CITATION = HEP-EX/0505061;%%}
}

@ARTICLE{Aktas:2005bt,
  author = {Aktas, A. and others},
  title = {{Measurement of charm and beauty photoproduction at HERA using D*
	mu correlations}},
  journal = {Phys. Lett.},
  year = {2005},
  volume = {B621},
  pages = {56-71},
  archiveprefix = {arXiv},
  collaboration = {H1},
  doi = {10.1016/j.physletb.2005.06.040},
  eprint = {hep-ex/0503038},
  slaccitation = {%%CITATION = HEP-EX/0503038;%%}
}

@ARTICLE{Aktas:2005zc,
  author = {Aktas, A. and others},
  title = {{Measurement of beauty production at HERA using events with muons
	and jets}},
  journal = {Eur. Phys. J.},
  year = {2005},
  volume = {C41},
  pages = {453-467},
  archiveprefix = {arXiv},
  collaboration = {H1},
  doi = {10.1140/epjc/s2005-02267-0},
  eprint = {hep-ex/0502010},
  slaccitation = {%%CITATION = HEP-EX/0502010;%%}
}

@ARTICLE{Aktas:2004qd,
  author = {Aktas, A. and others},
  title = {{A direct search for stable magnetic monopoles produced in positron
	proton collisions at HERA}},
  journal = {Eur. Phys. J.},
  year = {2005},
  volume = {C41},
  pages = {133-141},
  archiveprefix = {arXiv},
  collaboration = {H1},
  doi = {10.1140/epjc/s2005-02201-6},
  eprint = {hep-ex/0501039},
  slaccitation = {%%CITATION = HEP-EX/0501039;%%}
}

@ARTICLE{Aktas:2004gi,
  author = {Aktas, A. and others},
  title = {{Measurement of dijet cross sections in e p interactions with a leading
	neutron at HERA}},
  journal = {Eur. Phys. J.},
  year = {2005},
  volume = {C41},
  pages = {273-286},
  archiveprefix = {arXiv},
  collaboration = {H1},
  doi = {10.1140/epjc/s2005-02227-8},
  eprint = {hep-ex/0501074},
  slaccitation = {%%CITATION = HEP-EX/0501074;%%}
}

@ARTICLE{Aktas:2004az,
  author = {Aktas, A. and others},
  title = {{Measurement of F2($c \bar{c}$) and F2($b \bar{b}$) at high $Q^{2}$
	using the H1 vertex detector at HERA}},
  journal = {Eur. Phys. J.},
  year = {2005},
  volume = {C40},
  pages = {349-359},
  archiveprefix = {arXiv},
  collaboration = {H1},
  doi = {10.1140/epjc/s2005-02154-8},
  eprint = {hep-ex/0411046},
  slaccitation = {%%CITATION = HEP-EX/0411046;%%}
}

@ARTICLE{Aktas:2004cc,
  author = {Aktas, A. and others},
  title = {{Search for light gravitinos in events with photons and missing transverse
	momentum at HERA}},
  journal = {Phys. Lett.},
  year = {2005},
  volume = {B616},
  pages = {31-42},
  archiveprefix = {arXiv},
  collaboration = {H1},
  doi = {10.1016/j.physletb.2005.04.038},
  eprint = {hep-ex/0501030},
  slaccitation = {%%CITATION = HEP-EX/0501030;%%}
}

@ARTICLE{Aktas:2004pz,
  author = {Aktas, A. and others},
  title = {{A general search for new phenomena in e p scattering at HERA}},
  journal = {Phys. Lett.},
  year = {2004},
  volume = {B602},
  pages = {14-30},
  archiveprefix = {arXiv},
  collaboration = {H1},
  doi = {10.1016/j.physletb.2004.09.057},
  eprint = {hep-ex/0408044},
  slaccitation = {%%CITATION = HEP-EX/0408044;%%}
}

@ARTICLE{Aktas:2004ka,
  author = {Aktas, A. and others},
  title = {{Inclusive production of D+, D0, D/s+ and D*+ mesons in deep inelastic
	scattering at HERA}},
  journal = {Eur. Phys. J.},
  year = {2005},
  volume = {C38},
  pages = {447-459},
  archiveprefix = {arXiv},
  collaboration = {H1},
  doi = {10.1140/epjc/s2004-02069-x},
  eprint = {hep-ex/0408149},
  slaccitation = {%%CITATION = HEP-EX/0408149;%%}
}

@ARTICLE{Aktas:2004uv,
  author = {Aktas, A. and others},
  title = {{Measurement of prompt photon cross sections in photoproduction at
	HERA}},
  journal = {Eur. Phys. J.},
  year = {2005},
  volume = {C38},
  pages = {437-445},
  archiveprefix = {arXiv},
  collaboration = {H1},
  doi = {10.1140/epjc/s2004-02085-x},
  eprint = {hep-ex/0407018},
  slaccitation = {%%CITATION = HEP-EX/0407018;%%}
}

@ARTICLE{Aktas:2004ek,
  author = {Aktas, A. and others},
  title = {{Measurement of the proton structure function F2 at low Q**2 in QED
	Compton scattering at HERA}},
  journal = {Phys. Lett.},
  year = {2004},
  volume = {B598},
  pages = {159-171},
  archiveprefix = {arXiv},
  collaboration = {H1},
  doi = {10.1016/j.physletb.2004.08.004},
  eprint = {hep-ex/0406029},
  slaccitation = {%%CITATION = HEP-EX/0406029;%%}
}

@ARTICLE{Aktas:2004tm,
  author = {Aktas, A. and others},
  title = {{Search for bosonic stop decays in R-parity violating supersymmetry
	in e+ p collisions at HERA}},
  journal = {Phys. Lett.},
  year = {2004},
  volume = {B599},
  pages = {159-172},
  archiveprefix = {arXiv},
  collaboration = {H1},
  doi = {10.1016/j.physletb.2004.08.032},
  eprint = {hep-ex/0405070},
  slaccitation = {%%CITATION = HEP-EX/0405070;%%}
}

@ARTICLE{Aktas:2004rb,
  author = {Aktas, A. and others},
  title = {{Forward pi0 production and associated transverse energy flow in
	deep-inelastic scattering at HERA}},
  journal = {Eur. Phys. J.},
  year = {2004},
  volume = {C36},
  pages = {441-452},
  archiveprefix = {arXiv},
  collaboration = {H1},
  doi = {10.1140/epjc/s2004-01868-3},
  eprint = {hep-ex/0404009},
  slaccitation = {%%CITATION = HEP-EX/0404009;%%}
}

@ARTICLE{Aktas:2004qf,
  author = {Aktas, A. and others},
  title = {{Evidence for a narrow anti-charmed baryon state}},
  journal = {Phys. Lett.},
  year = {2004},
  volume = {B588},
  pages = {17},
  archiveprefix = {arXiv},
  collaboration = {H1},
  doi = {10.1016/j.physletb.2004.03.012},
  eprint = {hep-ex/0403017},
  slaccitation = {%%CITATION = HEP-EX/0403017;%%}
}

@ARTICLE{Aktas:2004ij,
  author = {Aktas, A. and others},
  title = {{Search for squark production in R parity violating supersymmetry
	at HERA}},
  journal = {Eur. Phys. J.},
  year = {2004},
  volume = {C36},
  pages = {425-440},
  archiveprefix = {arXiv},
  collaboration = {H1},
  doi = {10.1140/epjc/s2004-01972-4},
  eprint = {hep-ex/0403027},
  slaccitation = {%%CITATION = HEP-EX/0403027;%%}
}

@ARTICLE{Aktas:2004pq,
  author = {Aktas, A. and others},
  title = {{Measurement of anti-deuteron photoproduction and a search for heavy
	stable charged particles at HERA}},
  journal = {Eur. Phys. J.},
  year = {2004},
  volume = {C36},
  pages = {413-423},
  archiveprefix = {arXiv},
  collaboration = {H1},
  doi = {10.1140/epjc/s2004-01894-1},
  eprint = {hep-ex/0403056},
  slaccitation = {%%CITATION = HEP-EX/0403056;%%}
}

@ARTICLE{Aktas:2004px,
  author = {Aktas, A. and others},
  title = {{Measurement of dijet production at low Q**2 at HERA}},
  journal = {Eur. Phys. J.},
  year = {2004},
  volume = {C37},
  pages = {141-159},
  archiveprefix = {arXiv},
  collaboration = {H1},
  doi = {10.1140/epjc/s2004-01957-3},
  eprint = {hep-ex/0401010},
  slaccitation = {%%CITATION = HEP-EX/0401010;%%}
}

@ARTICLE{Aktas:2003ja,
  author = {Aktas, A. and others},
  title = {{Inclusive dijet production at low Bjorken-x in deep inelastic scattering}},
  journal = {Eur. Phys. J.},
  year = {2004},
  volume = {C33},
  pages = {477-493},
  archiveprefix = {arXiv},
  collaboration = {H1},
  doi = {10.1140/epjc/s2004-01644-5},
  eprint = {hep-ex/0310019},
  slaccitation = {%%CITATION = HEP-EX/0310019;%%}
}

@ARTICLE{Aktas:2003yd,
  author = {Aktas, A. and others},
  title = {{Search for single top quark production in ep collisions at HERA}},
  journal = {Eur. Phys. J.},
  year = {2004},
  volume = {C33},
  pages = {9-22},
  archiveprefix = {arXiv},
  collaboration = {H1},
  doi = {10.1140/epjc/s2003-01588-2},
  eprint = {hep-ex/0310032},
  slaccitation = {%%CITATION = HEP-EX/0310032;%%}
}

@ARTICLE{Aktas:2003sz,
  author = {Aktas, A. and others},
  title = {{Muon pair production in e p collisions at HERA}},
  journal = {Phys. Lett.},
  year = {2004},
  volume = {B583},
  pages = {28-40},
  archiveprefix = {arXiv},
  collaboration = {H1},
  doi = {10.1016/j.physletb.2004.01.003},
  eprint = {hep-ex/0311015},
  slaccitation = {%%CITATION = HEP-EX/0311015;%%}
}

@ARTICLE{Aktas:2003jg,
  author = {Aktas, A. and others},
  title = {{Multi-electron production at high transverse momenta in e p collisions
	at HERA}},
  journal = {Eur. Phys. J.},
  year = {2003},
  volume = {C31},
  pages = {17-29},
  archiveprefix = {arXiv},
  collaboration = {H1},
  doi = {10.1140/epjc/s2003-01326-x},
  eprint = {hep-ex/0307015},
  slaccitation = {%%CITATION = HEP-EX/0307015;%%}
}

@ARTICLE{Adloff:2003jm,
  author = {Adloff, C. and others},
  title = {{Search for new physics in $e^\pm q$ contact interactions at HERA}},
  journal = {Phys. Lett.},
  year = {2003},
  volume = {B568},
  pages = {35-47},
  archiveprefix = {arXiv},
  collaboration = {H1},
  doi = {10.1016/j.physletb.2003.06.034},
  eprint = {hep-ex/0305015},
  slaccitation = {%%CITATION = HEP-EX/0305015;%%}
}

@ARTICLE{Adloff:2003uh,
  author = {Adloff, C. and others},
  title = {{Measurement and QCD analysis of neutral and charged current cross
	sections at HERA}},
  journal = {Eur. Phys. J.},
  year = {2003},
  volume = {C30},
  pages = {1-32},
  archiveprefix = {arXiv},
  collaboration = {H1},
  doi = {10.1140/epjc/s2003-01257-6},
  eprint = {hep-ex/0304003},
  slaccitation = {%%CITATION = HEP-EX/0304003;%%}
}

@ARTICLE{Andreev:2003pm,
  author = {Andreev, V. and others},
  title = {{Isolated electrons and muons in events with missing transverse momentum
	at HERA}},
  journal = {Phys. Lett.},
  year = {2003},
  volume = {B561},
  pages = {241-257},
  archiveprefix = {arXiv},
  collaboration = {H1},
  doi = {10.1016/S0370-2693(03)00497-0},
  eprint = {hep-ex/0301030},
  slaccitation = {%%CITATION = HEP-EX/0301030;%%}
}

@ARTICLE{Adloff:2002dy,
  author = {Adloff, C. and others},
  title = {{Search for excited electrons at HERA}},
  journal = {Phys. Lett.},
  year = {2002},
  volume = {B548},
  pages = {35-44},
  archiveprefix = {arXiv},
  collaboration = {H1},
  doi = {10.1016/S0370-2693(02)02764-8},
  eprint = {hep-ex/0207038},
  slaccitation = {%%CITATION = HEP-EX/0207038;%%}
}

@ARTICLE{Adloff:2002ew,
  author = {Adloff, C. and others},
  title = {{Measurement of inclusive jet cross-sections in deep- inelastic e
	p scattering at HERA}},
  journal = {Phys. Lett.},
  year = {2002},
  volume = {B542},
  pages = {193-206},
  archiveprefix = {arXiv},
  collaboration = {H1},
  doi = {10.1016/S0370-2693(02)02375-4},
  eprint = {hep-ex/0206029},
  slaccitation = {%%CITATION = HEP-EX/0206029;%%}
}

@ARTICLE{Adloff:2002ex,
  author = {Adloff, C. and others},
  title = {{Inelastic photoproduction of $J/\psi$ mesons at HERA}},
  journal = {Eur. Phys. J.},
  year = {2002},
  volume = {C25},
  pages = {25-39},
  archiveprefix = {arXiv},
  collaboration = {H1},
  doi = {10.1007/s10052-002-1009-8},
  eprint = {hep-ex/0205064},
  slaccitation = {%%CITATION = HEP-EX/0205064;%%}
}

@ARTICLE{Adloff:2002ey,
  author = {Adloff, C. and others},
  title = {{Inelastic leptoproduction of $J/\psi$ mesons at HERA}},
  journal = {Eur. Phys. J.},
  year = {2002},
  volume = {C25},
  pages = {41-53},
  archiveprefix = {arXiv},
  collaboration = {H1},
  doi = {10.1007/s10052-002-1014-y},
  eprint = {hep-ex/0205065},
  slaccitation = {%%CITATION = HEP-EX/0205065;%%}
}

@ARTICLE{Adloff:2002ph,
  author = {Adloff, C. and others},
  title = {{Search for QCD instanton induced processes in deep inelastic scattering
	at HERA}},
  journal = {Eur. Phys. J.},
  year = {2002},
  volume = {C25},
  pages = {495-509},
  archiveprefix = {arXiv},
  collaboration = {H1},
  doi = {10.1140/epjc/s2002-01039-8},
  eprint = {hep-ex/0205078},
  slaccitation = {%%CITATION = HEP-EX/0205078;%%}
}

@ARTICLE{Adloff:2002re,
  author = {Adloff, C. and others},
  title = {{Diffractive photoproduction of psi(2S) mesons at HERA}},
  journal = {Phys. Lett.},
  year = {2002},
  volume = {B541},
  pages = {251-264},
  archiveprefix = {arXiv},
  collaboration = {H1},
  eprint = {hep-ex/0205107},
  slaccitation = {%%CITATION = HEP-EX/0205107;%%}
}

@ARTICLE{Adloff:2002au,
  author = {Adloff, C. and others},
  title = {{Measurement of dijet cross-sections in photoproduction at HERA}},
  journal = {Eur. Phys. J.},
  year = {2002},
  volume = {C25},
  pages = {13-23},
  archiveprefix = {arXiv},
  collaboration = {H1},
  doi = {10.1007/s10052-002-1004-0},
  eprint = {hep-ex/0201006},
  slaccitation = {%%CITATION = HEP-EX/0201006;%%}
}

@ARTICLE{Adloff:2001he,
  author = {Adloff, C. and others},
  title = {{Measurement of dijet electroproduction at small jet separation}},
  journal = {Eur. Phys. J.},
  year = {2002},
  volume = {C24},
  pages = {33-41},
  archiveprefix = {arXiv},
  collaboration = {H1},
  doi = {10.1007/s100520100888},
  eprint = {hep-ex/0111006},
  slaccitation = {%%CITATION = HEP-EX/0111006;%%}
}

@ARTICLE{Adloff:2001me,
  author = {Adloff, C. and others},
  title = {{Search for excited neutrinos at HERA}},
  journal = {Phys. Lett.},
  year = {2002},
  volume = {B525},
  pages = {9-16},
  archiveprefix = {arXiv},
  collaboration = {H1},
  doi = {10.1016/S0370-2693(01)01410-1},
  eprint = {hep-ex/0110037},
  slaccitation = {%%CITATION = HEP-EX/0110037;%%}
}

@ARTICLE{Adloff:2001rw,
  author = {Adloff, C. and others},
  title = {{On the rise of the proton structure function F2 towards low x}},
  journal = {Phys. Lett.},
  year = {2001},
  volume = {B520},
  pages = {183-190},
  archiveprefix = {arXiv},
  collaboration = {H1},
  doi = {10.1016/S0370-2693(01)01074-7},
  eprint = {hep-ex/0108035},
  slaccitation = {%%CITATION = HEP-EX/0108035;%%}
}

@ARTICLE{Adloff:2001cn,
  author = {Adloff, C. and others},
  title = {{Measurement of deeply virtual Compton scattering at HERA}},
  journal = {Phys. Lett.},
  year = {2001},
  volume = {B517},
  pages = {47-58},
  archiveprefix = {arXiv},
  collaboration = {H1},
  doi = {10.1016/S0370-2693(01)00939-X},
  eprint = {hep-ex/0107005},
  slaccitation = {%%CITATION = HEP-EX/0107005;%%}
}

@ARTICLE{Adloff:2001zj,
  author = {Adloff, C. and others},
  title = {{Measurement of D*+- meson production and F2(c) in deep inelastic
	scattering at HERA}},
  journal = {Phys. Lett.},
  year = {2002},
  volume = {B528},
  pages = {199-214},
  archiveprefix = {arXiv},
  collaboration = {H1},
  doi = {10.1016/S0370-2693(02)01195-4},
  eprint = {hep-ex/0108039},
  slaccitation = {%%CITATION = HEP-EX/0108039;%%}
}

@ARTICLE{Adloff:2001wr,
  author = {Adloff, C. and others},
  title = {{D*+- meson production in deep-inelastic diffractive interactions
	at HERA}},
  journal = {Phys. Lett.},
  year = {2001},
  volume = {B520},
  pages = {191-203},
  archiveprefix = {arXiv},
  collaboration = {H1},
  doi = {10.1016/S0370-2693(01)01155-8},
  eprint = {hep-ex/0108047},
  slaccitation = {%%CITATION = HEP-EX/0108047;%%}
}

@ARTICLE{Adloff:2001kg,
  author = {Adloff, C. and others},
  title = {{Three Jet production in deep inelastic scattering at HERA}},
  journal = {Phys. Lett.},
  year = {2001},
  volume = {B515},
  pages = {17-29},
  archiveprefix = {arXiv},
  collaboration = {H1},
  doi = {10.1016/S0370-2693(01)00805-X},
  eprint = {hep-ex/0106078},
  slaccitation = {%%CITATION = HEP-EX/0106078;%%}
}

@ARTICLE{Adloff:2001cp,
  author = {Adloff, C. and others},
  title = {{A search for leptoquark bosons in e- p collisions at HERA}},
  journal = {Phys. Lett.},
  year = {2001},
  volume = {B523},
  pages = {234-242},
  archiveprefix = {arXiv},
  collaboration = {H1},
  doi = {10.1016/S0370-2693(01)01262-X},
  eprint = {hep-ex/0107038},
  slaccitation = {%%CITATION = HEP-EX/0107038;%%}
}

@ARTICLE{Adloff:2001be,
  author = {Adloff, C. and others},
  title = {{Photoproduction with a leading proton at HERA}},
  journal = {Nucl. Phys.},
  year = {2001},
  volume = {B619},
  pages = {3-21},
  archiveprefix = {arXiv},
  collaboration = {H1},
  doi = {10.1016/S0550-3213(01)00544-2},
  eprint = {hep-ex/0106070},
  slaccitation = {%%CITATION = HEP-EX/0106070;%%}
}

@ARTICLE{Adloff:2001at,
  author = {Adloff, C. and others},
  title = {{Searches at HERA for squarks in R-parity violating supersymmetry}},
  journal = {Eur. Phys. J.},
  year = {2001},
  volume = {C20},
  pages = {639-657},
  archiveprefix = {arXiv},
  collaboration = {H1},
  doi = {10.1007/s100520100716},
  eprint = {hep-ex/0102050},
  slaccitation = {%%CITATION = HEP-EX/0102050;%%}
}

@ARTICLE{Adloff:2000qj,
  author = {Adloff, C. and others},
  title = {{Measurement of neutral and charged current cross-sections in electron
	- proton collisions at high $Q^{2}$}},
  journal = {Eur. Phys. J.},
  year = {2001},
  volume = {C19},
  pages = {269-288},
  archiveprefix = {arXiv},
  collaboration = {H1},
  doi = {10.1007/s100520100607},
  eprint = {hep-ex/0012052},
  slaccitation = {%%CITATION = HEP-EX/0012052;%%}
}

@ARTICLE{Adloff:2000qk,
  author = {Adloff, C. and others},
  title = {{Deep-inelastic inclusive e p scattering at low x and a determination
	of alpha(s)}},
  journal = {Eur. Phys. J.},
  year = {2001},
  volume = {C21},
  pages = {33-61},
  archiveprefix = {arXiv},
  collaboration = {H1},
  doi = {10.1007/s100520100720},
  eprint = {hep-ex/0012053},
  slaccitation = {%%CITATION = HEP-EX/0012053;%%}
}

@ARTICLE{Adloff:2000tq,
  author = {Adloff, C. and others},
  title = {{Measurement and QCD analysis of jet cross sections in deep-inelastic
	positron proton collisions at s**(1/2) of 300-GeV}},
  journal = {Eur. Phys. J.},
  year = {2001},
  volume = {C19},
  pages = {289-311},
  archiveprefix = {arXiv},
  collaboration = {H1},
  doi = {10.1007/s100520100621},
  eprint = {hep-ex/0010054},
  slaccitation = {%%CITATION = HEP-EX/0010054;%%}
}

@ARTICLE{Adloff:2000hm,
  author = {Adloff, C. and others},
  title = {{Dijet production in charged and neutral current e+ p interactions
	at high Q**2}},
  journal = {Eur. Phys. J.},
  year = {2001},
  volume = {C19},
  pages = {429-440},
  archiveprefix = {arXiv},
  collaboration = {H1},
  doi = {10.1007/s100520100622},
  eprint = {hep-ex/0010016},
  slaccitation = {%%CITATION = HEP-EX/0010016;%%}
}

@ARTICLE{Adloff:2000gv,
  author = {Adloff, C. and others},
  title = {{A Search for excited fermions at HERA}},
  journal = {Eur. Phys. J.},
  year = {2000},
  volume = {C17},
  pages = {567-581},
  archiveprefix = {arXiv},
  collaboration = {H1},
  doi = {10.1007/s100520000503},
  eprint = {hep-ex/0007035},
  slaccitation = {%%CITATION = HEP-EX/0007035;%%}
}

@ARTICLE{Adloff:2000ua,
  author = {Adloff, C. and others},
  title = {{Inclusive photoproduction of neutral pions in the photon hemisphere
	at HERA}},
  journal = {Eur. Phys. J.},
  year = {2000},
  volume = {C18},
  pages = {293-302},
  archiveprefix = {arXiv},
  collaboration = {H1},
  doi = {10.1007/s100520000526},
  eprint = {hep-ex/0006017},
  slaccitation = {%%CITATION = HEP-EX/0006017;%%}
}

@ARTICLE{Adloff:2000nx,
  author = {Adloff, C. and others},
  title = {{Measurement of elastic electroproduction of Phi mesons at HERA}},
  journal = {Phys. Lett.},
  year = {2000},
  volume = {B483},
  pages = {360-372},
  archiveprefix = {arXiv},
  collaboration = {H1},
  doi = {10.1016/S0370-2693(00)00613-4},
  eprint = {hep-ex/0005010},
  slaccitation = {%%CITATION = HEP-EX/0005010;%%}
}

@ARTICLE{Adloff:2000bs,
  author = {Adloff, C. and others},
  title = {{Measurement of dijet cross-sections in photoproduction and photon
	structure}},
  journal = {Phys. Lett.},
  year = {2000},
  volume = {B483},
  pages = {36-48},
  archiveprefix = {arXiv},
  collaboration = {H1},
  doi = {10.1016/S0370-2693(00)00576-1},
  eprint = {hep-ex/0003011},
  slaccitation = {%%CITATION = HEP-EX/0003011;%%}
}

@ARTICLE{Adloff:2000vm,
  author = {Adloff, C. and others},
  title = {{Elastic photoproduction of J/psi and Upsilon mesons at HERA}},
  journal = {Phys. Lett.},
  year = {2000},
  volume = {B483},
  pages = {23-35},
  archiveprefix = {arXiv},
  collaboration = {H1},
  doi = {10.1016/S0370-2693(00)00530-X},
  eprint = {hep-ex/0003020},
  slaccitation = {%%CITATION = HEP-EX/0003020;%%}
}

@ARTICLE{Adloff:2000dp,
  author = {Adloff, C. and others},
  title = {{Search for compositeness, leptoquarks and large extra dimensions
	in $e q$ contact interactions at HERA}},
  journal = {Phys. Lett.},
  year = {2000},
  volume = {B479},
  pages = {358-370},
  archiveprefix = {arXiv},
  collaboration = {H1},
  doi = {10.1016/S0370-2693(00)00332-4},
  eprint = {hep-ex/0003002},
  slaccitation = {%%CITATION = HEP-EX/0003002;%%}
}

@ARTICLE{Adloff:1999gn,
  author = {Adloff, C. and others},
  title = {{Investigation of power corrections to event shape variables measured
	in deep-inelastic scattering}},
  journal = {Eur. Phys. J.},
  year = {2000},
  volume = {C14},
  pages = {255-269},
  archiveprefix = {arXiv},
  collaboration = {H1},
  doi = {10.1007/s100520000344},
  eprint = {hep-ex/9912052},
  slaccitation = {%%CITATION = HEP-EX/9912052;%%}
}

@ARTICLE{Adloff:1999nr,
  author = {Adloff, C. and others},
  title = {{Measurement of open beauty production at HERA}},
  journal = {Phys. Lett.},
  year = {1999},
  volume = {B467},
  pages = {156-164},
  archiveprefix = {arXiv},
  collaboration = {H1},
  doi = {10.1016/S0370-2693(99)01099-0},
  eprint = {hep-ex/9909029},
  slaccitation = {%%CITATION = HEP-EX/9909029;%%}
}

@ARTICLE{Adloff:1999ah,
  author = {Adloff, C. and others},
  title = {{Measurement of neutral and charged current cross-sections in positron
	proton collisions at large momentum transfer}},
  journal = {Eur. Phys. J.},
  year = {2000},
  volume = {C13},
  pages = {609-639},
  archiveprefix = {arXiv},
  collaboration = {H1},
  doi = {10.1007/s100520050721},
  eprint = {hep-ex/9908059},
  slaccitation = {%%CITATION = HEP-EX/9908059;%%}
}

@ARTICLE{Adloff:1999ws,
  author = {Adloff, C. and others},
  title = {{Measurements of transverse energy flow in deep inelastic- scattering
	at HERA}},
  journal = {Eur. Phys. J.},
  year = {2000},
  volume = {C12},
  pages = {595-607},
  archiveprefix = {arXiv},
  collaboration = {H1},
  doi = {10.1007/s100520000287},
  eprint = {hep-ex/9907027},
  slaccitation = {%%CITATION = HEP-EX/9907027;%%}
}

@ARTICLE{Adloff:1999zx,
  author = {Adloff, C. and others},
  title = {{Forward pi0 meson production at HERA}},
  journal = {Phys. Lett.},
  year = {1999},
  volume = {B462},
  pages = {440-452},
  archiveprefix = {arXiv},
  collaboration = {H1},
  doi = {10.1016/S0370-2693(99)00906-5},
  eprint = {hep-ex/9907030},
  slaccitation = {%%CITATION = HEP-EX/9907030;%%}
}

@ARTICLE{Adloff:1999tp,
  author = {Adloff, C. and others},
  title = {{A Search for leptoquark bosons and lepton flavor violation in $e^{+}
	p$ collisions at HERA}},
  journal = {Eur. Phys. J.},
  year = {1999},
  volume = {C11},
  pages = {447-471},
  archiveprefix = {arXiv},
  collaboration = {H1},
  doi = {10.1007/s100520050646},
  eprint = {hep-ex/9907002},
  slaccitation = {%%CITATION = HEP-EX/9907002;%%}
}

@ARTICLE{Adloff:1999zs,
  author = {Adloff, C. and others},
  title = {{Charmonium production in deep inelastic scattering at HERA}},
  journal = {Eur. Phys. J.},
  year = {1999},
  volume = {C10},
  pages = {373-393},
  archiveprefix = {arXiv},
  collaboration = {H1},
  doi = {10.1007/s100520050762},
  eprint = {hep-ex/9903008},
  slaccitation = {%%CITATION = HEP-EX/9903008;%%}
}

@ARTICLE{Adloff:1999kg,
  author = {Adloff, C. and others},
  title = {{Elastic electroproduction of rho mesons at HERA}},
  journal = {Eur. Phys. J.},
  year = {2000},
  volume = {C13},
  pages = {371-396},
  archiveprefix = {arXiv},
  collaboration = {H1},
  doi = {10.1007/s100520050703},
  eprint = {hep-ex/9902019},
  slaccitation = {%%CITATION = HEP-EX/9902019;%%}
}

@ARTICLE{Adloff:1998vb,
  author = {Adloff, C. and others},
  title = {{Measurement of D* meson cross sections at HERA and determination
	of the gluon density in the proton using NLO QCD}},
  journal = {Nucl. Phys.},
  year = {1999},
  volume = {B545},
  pages = {21-44},
  archiveprefix = {arXiv},
  collaboration = {H1},
  doi = {10.1016/S0550-3213(99)00119-4},
  eprint = {hep-ex/9812023},
  slaccitation = {%%CITATION = HEP-EX/9812023;%%}
}

@ARTICLE{Adloff:1998vc,
  author = {Adloff, C. and others},
  title = {{Measurement of dijet cross-sections at low Q**2 and the extraction
	of an effective parton density for the virtual photon}},
  journal = {Eur. Phys. J.},
  year = {2000},
  volume = {C13},
  pages = {397-414},
  archiveprefix = {arXiv},
  collaboration = {H1},
  doi = {10.1007/s100520050704},
  eprint = {hep-ex/9812024},
  slaccitation = {%%CITATION = HEP-EX/9812024;%%}
}

@ARTICLE{Adloff:1998ni,
  author = {Adloff, C. and others},
  title = {{Measurement of internal jet structure in dijet production in deep
	inelastic scattering at HERA}},
  journal = {Nucl. Phys.},
  year = {1999},
  volume = {B545},
  pages = {3-20},
  archiveprefix = {arXiv},
  collaboration = {H1},
  doi = {10.1016/S0550-3213(99)00118-2},
  eprint = {hep-ex/9901010},
  slaccitation = {%%CITATION = HEP-EX/9901010;%%}
}

@ARTICLE{Adloff:1998yg,
  author = {Adloff, C. and others},
  title = {{Measurement of leading proton and neutron production in deep inelastic
	scattering at HERA}},
  journal = {Eur. Phys. J.},
  year = {1999},
  volume = {C6},
  pages = {587-602},
  archiveprefix = {arXiv},
  collaboration = {H1},
  doi = {10.1007/s100529901072},
  eprint = {hep-ex/9811013},
  slaccitation = {%%CITATION = HEP-EX/9811013;%%}
}

