% Encoding: ISO-8859-1


@inproceedings{Schilling:2006pp,
  author        = {Schilling, F.-P.},
  title         = {{Diffractive DIS cross sections and parton distributions}},
  year          = {2006},
  booktitle     = {33rd Intl. Conference on High Energy Physics (ICHEP 06), Moscow, Russia, July 2006},
  archiveprefix = {arXiv},
  doi           = {10.1142/9789812790873\_0113},
  eprint        = {hep-ex/0608064},
  slaccitation  = {%%CITATION = HEP-EX/0608064;%%},
}


@inproceedings{Schilling:2003fc,
  author = {Schilling, Frank-Peter},
  title = {{Diffractive final states with the H1 detector at HERA}},
  journal = {Eur. Phys. J.},
  year = {2004},
  volume = {C33},
  pages = {s530-s532},
  booktitle = {Intl. Europhysics Conference on High-Energy Physics (EPS-HEP
	2003), Aachen, Germany, July 2003},
  archiveprefix = {arXiv},
  doi = {10.1140/epjcd/s2004-03-1680-9},
  eprint = {hep-ex/0310016},
  slaccitation = {%%CITATION = HEP-EX/0310016;%%}
}

@inproceedings{Schilling:2002un,
  author        = {Schilling, F.-P.},
  title         = {{Inclusive diffraction at HERA}},
  journal       = {Nucl. Phys. Proc. Suppl.},
  year          = {2003},
  volume        = {117},
  pages         = {403-407},
  booktitle     = {31st Intl. Conference on High Energy Physics (ICHEP 2002), Amsterdam, The Netherlands, July 2002},
  archiveprefix = {arXiv},
  doi           = {10.1016/S0920-5632(03)90578-0},
  eprint        = {hep-ex/0210027},
  slaccitation  = {%%CITATION = HEP-EX/0210027;%%},
}

@inproceedings{Schilling:2002tz,
  author        = {Schilling, Frank-Peter},
  title         = {{NLO QCD fit to H1 diffractive DIS data}},
  journal       = {Acta Phys. Polon.},
  year          = {2002},
  volume        = {B33},
  pages         = {3419-3424},
  booktitle     = {10th Intl. Workshop on Deep Inelastic Scattering (DIS2002), Cracow, Poland, April 2002},
  archiveprefix = {arXiv},
  eprint        = {hep-ex/0209001},
  slaccitation  = {%%CITATION = HEP-EX/0209001;%%},
  url           = {https://www.actaphys.uj.edu.pl/R/33/11/3419},
}

@inproceedings{Schilling:bnl2001,
  author = {Schilling, Frank-Peter},
  title  = {{Hard Diffraction: Results from H1 at HERA}},
  year   = {2001},
  booktitle = {Riken BNL Research Center Workshop (Vol. 34): High Energy QCD - Beyond the Pomeron, Upton, New York, USA, May 2001, BNL-52641},
  doi    = {10.2172/788891},
  file   = {:files/Schilling_bnl2001.pdf:PDF},
}

@inproceedings{Schilling:2001cj,
  author        = {Schilling, F.-P.},
  title         = {{Diffractive jet production in DIS: Testing QCD factorisation}},
  journal       = {Sci. Cult. Ser. - Phys.},
  year          = {2002},
  volume        = {21},
  pages         = {830-835},
  booktitle     = {9th Intl. Workshop on Deep Inelastic Scattering (DIS 2001), Bologna, Italy, April 2001},
  archiveprefix = {arXiv},
  doi           = {10.1142/9789812778345\_0131},
  eprint        = {hep-ex/0107002},
  slaccitation  = {%%CITATION = HEP-EX/0107002;%%},
}

@inproceedings{Schilling:2000ip,
  author = {Schilling, F.-P.},
  title = {{Diffractive dijet and 3-jet electroproduction at HERA}},
  year = {2000},
  booktitle = {8th Intl. Workshop on Deep Inelastic Scattering (DIS 2000),
	Liverpool, UK, April 2000},
	pages={543--546},
  archiveprefix = {arXiv},
  eprint = {hep-ex/0012065},
  slaccitation = {%%CITATION = HEP-EX/0012065;%%},
  note="\href{http://arxiv.org/abs/hep-ex/0012065}{arXiv:hep-ex/0012065}"

}

@inproceedings{Schilling:1999qe,
  author       = {Schilling, F.-P.},
  title        = {{Diffractive dijet production at HERA}},
  journal      = {Nucl. Phys. B (Proc. Suppl.)},
  year         = {1999},
  volume       = {79},
  pages        = {287-289},
  booktitle   = {Proc. of 7th Intl. Workshop on Deep Inelastic Scattering (DIS 1999), Zeuthen, Germany, April 1999},
  doi          = {10.1016/S0920-5632(99)00700-8},
  file         = {:files/Schilling_1999qe.pdf:PDF},
  slaccitation = {%%CITATION = NUPHZ,79,287;%%},
}

@Comment{jabref-meta: databaseType:bibtex;}
