% Encoding: ISO-8859-1

@ARTICLE{Aktas:2006hx,
  author = {Aktas, A. and others},
  title = {{Diffractive deep-inelastic scattering with a leading proton at HERA}},
  journal = {Eur. Phys. J.},
  year = {2006},
  volume = {C48},
  pages = {749-766},
  archiveprefix = {arXiv},
  collaboration = {H1},
  doi = {10.1140/epjc/s10052-006-0046-0},
  eprint = {hep-ex/0606003},
  primaryclass = {hep-ex},
  reportnumber = {DESY-06-048},
  slaccitation = {%%CITATION = HEP-EX/0606003;%%},
  timestamp = {2013.04.29}
}

@ARTICLE{Adloff:2003nr,
  author = {Adloff, C. and others},
  title = {{Measurement of inclusive jet cross-sections in photoproduction at
	HERA}},
  journal = {Eur. Phys. J.},
  year = {2003},
  volume = {C29},
  pages = {497-513},
  archiveprefix = {arXiv},
  collaboration = {H1},
  doi = {10.1140/epjc/s2003-01262-9},
  eprint = {hep-ex/0302034},
  slaccitation = {%%CITATION = HEP-EX/0302034;%%}
}

@Comment{jabref-meta: databaseType:bibtex;}
