% This file was created with JabRef 2.9.2.
% Encoding: ISO8859_1

@ARTICLE{difjetpaper,
  author = {Adloff, C. and others},
  title = {{D}iffractive jet production in deep inelastic $e^{+} p$ collisions
	at {HERA}},
  journal = {Eur. Phys. J.},
  year = {2001},
  volume = {C20},
  pages = {29-49},
  note = {\bf (topcite 50+)},
  archiveprefix = {arXiv},
  collaboration = {H1},
  doi = {10.1007/s100520100634},
  eprint = {hep-ex/0012051},
  slaccitation = {%%CITATION = HEP-EX/0012051;%%},
  timestamp = {2011.06.19}
}

@ARTICLE{f2dpaper,
  author = {Aktas, A. and others},
  title = {{M}easurement and {QCD} analysis of the diffractive deep-inelastic
	scattering cross-section at {HERA}},
  journal = {Eur. Phys. J.},
  year = {2006},
  volume = {C48},
  pages = {715-748},
  note = {\bf (topcite 100+)},
  archiveprefix = {arXiv},
  collaboration = {H1},
  doi = {10.1140/epjc/s10052-006-0035-3},
  eprint = {hep-ex/0606004},
  slaccitation = {%%CITATION = HEP-EX/0606004;%%},
  timestamp = {2011.06.19}
}

@ARTICLE{tifali,
  author = {Adam, W. and others},
  title = {{A}lignment of the {CMS} {S}ilicon {S}trip {T}racker during standalone
	{C}ommissioning},
  journal = {JINST},
  year = {2009},
  volume = {4},
  pages = {T07001},
  archiveprefix = {arXiv},
  collaboration = {CMS Tracker},
  doi = {10.1088/1748-0221/4/07/T07001},
  eprint = {0904.1220},
  primaryclass = {physics.ins-det},
  slaccitation = {%%CITATION = 0904.1220;%%},
  timestamp = {2011.06.19}
}

@ARTICLE{ljetspaper,
  author = {Chatrchyan, Serguei and others},
  title = {{M}easurement of the {T}op-antitop {P}roduction {C}ross {S}ection
	in pp {C}ollisions at sqrt(s)=7 {T}e{V} using the {K}inematic {P}roperties
	of {E}vents with {L}eptons and {J}ets},
  journal = {Eur. Phys. J.},
  year = {2011},
  volume = {C71},
  pages = {1721},
  note = {\bf (topcite 50+)},
  archiveprefix = {arXiv},
  collaboration = {CMS},
  doi = {10.1140/epjc/s10052-011-1721-3},
  eprint = {1106.0902},
  file = {Chatrchyan_2011ew.pdf:Chatrchyan_2011ew.pdf:PDF},
  primaryclass = {hep-ex},
  slaccitation = {%%CITATION = 1106.0902;%%},
  timestamp = {2011.06.19}
}

@ARTICLE{topreviewdup,
  author = {Schilling, F.-P.},
  title = {{T}op {Q}uark {P}hysics at the {LHC}: {A} {R}eview of the {F}irst
	{T}wo {Y}ears},
  journal = {Int.J.Mod.Phys.},
  year = {2012},
  volume = {A27},
  pages = {1230016},
  archiveprefix = {arXiv},
  eprint = {1206.4484},
  primaryclass = {hep-ex},
  slaccitation = {%%CITATION = ARXIV:1206.4484;%%},
  timestamp = {2012.07.09}
}

@ARTICLE{hbbpaper2,
  author = {Chatrchyan, Serguei and others},
  title = {{S}earch for the standard model {H}iggs boson produced in association
	with a {W} or a {Z} boson and decaying to bottom quarks},
  journal = {Phys. Rev.},
  year = {2014},
  volume = {D89},
  pages = {012003},
  archiveprefix = {arXiv},
  collaboration = {CMS},
  doi = {10.1103/PhysRevD.89.012003},
  eprint = {1310.3687},
  primaryclass = {hep-ex},
  reportnumber = {CMS-HIG-13-012, CERN-PH-EP-2013-188},
  slaccitation = {%%CITATION = ARXIV:1310.3687;%%},
  timestamp = {2014.03.18}
}

@comment{jabref-meta: selector_publisher:}

@comment{jabref-meta: selector_author:}

@comment{jabref-meta: selector_journal:}

@comment{jabref-meta: selector_keywords:}

