% Encoding: ISO-8859-1

@inproceedings{leshouches2009ntuples,
  author        = {Campbell, J. and Huston, J. and Nadolsky, P. and Schilling, Frank-Peter and Uwer, P. and Weng, J.},
  title         = {{Common Ntuple Output format for NLO Calculations}},
  year          = {2009},
  booktitle     = {9th Workshop on Physics at TeV Colliders, Les Houches, France, 2009},
  archiveprefix = {arXiv},
  eprint        = {1003.1241},
  primaryclass  = {hep-ph},
  slaccitation  = {%%CITATION = 1003.1241;%%},
  note="\href{http://arxiv.org/abs/1003.1241}{arXiv:1003.1241}"

}

@inproceedings{schilling-dpdf,
  author = {Schilling, Frank-Peter},
  title = {{DPDF: A Library for Diffractive Parton Distributions}},
  year = {2005},
  booktitle = {HERA and the LHC: A Workshop on the Implications of HERA
	for LHC Physics, CERN and DESY, 2004-2005},
  archiveprefix = {arXiv},
  eprint = {hep-ph/0601013},
  slaccitation = {%%CITATION = HEP-PH/0601013;%%},
  note="\href{http://arxiv.org/abs/hep-ph/0601013}{arXiv:hep-ph/0601013}",
  pages={511},
}

@inproceedings{Newman:2005wm,
  author = {Newman, Paul R. and Schilling, F.-P.},
  title = {{HERA diffractive structure function data and parton distributions}},
  year = {2005},
  booktitle = {HERA and the LHC: A Workshop on the Implications of HERA
	for LHC Physics, CERN and DESY, 2004-2005},
  archiveprefix = {arXiv},
  eprint = {hep-ex/0511032},
  slaccitation = {%%CITATION = HEP-EX/0511032;%%},
  note="\href{http://arxiv.org/abs/hep-ex/0511032}{arXiv:hep-ex/0511032}",
  pages={488},
}

@inproceedings{dis05proc,
    author = "Laycock, Paul and Newman, P. and Schilling, F. P.",
    editor = "Smith, Wesley H. and Dasu, Sridhara R.",
    title = "{HERA diffractive structure function data and parton distributions}",
    doi = "10.1063/1.2122079",
    journal = "AIP Conf. Proc.",
    volume = "792",
    number = "1",
    pages = "466--469",
    year = "2005",
    file = {:files/dis05proc.pdf:PDF},
  booktitle = {13th Intl. Workshop on Deep Inelastic Scattering (DIS 2005), Madison, USA, April 2005},
}

@inproceedings{Bruni:2004cu,
  author = {Bruni, Alessia and Diehl, Markus and Schilling, Frank-Peter },
  title = {{Summary of working group B: Diffraction and vector mesons}},
  year = {2004},
  booktitle = {12th Intl. Workshop on Deep Inelastic Scattering (DIS 2004),
	Slovakia, April 2004 (DESY-04-201)},
  archiveprefix = {arXiv},
  eprint = {hep-ph/0410106},
  slaccitation = {%%CITATION = HEP-PH/0410106;%%},
  note="preprint \href{http://arxiv.org/abs/hep-ph/0410106}{arXiv:hep-ph/0410106}"
}

@Comment{jabref-meta: databaseType:bibtex;}
