% Encoding: ISO-8859-1

@TechReport{Alexopoulos:2003aa,
  author      = {Alexopoulos, T. and others},
  title       = {{Electron deuteron scattering with HERA, a letter of intent for an experimental programme with the H1 detector}},
  institution = {{DESY}},
  year        = {2003},
  number      = {DESY-03-194},
  file        = {:files/prc_03_02.pdf:PDF},
  url         = {http://inspirehep.net/record/636853},
}

@Comment{jabref-meta: databaseType:bibtex;}
