% Encoding: ISO-8859-1

@Article{topreview,
  author        = {Schilling, F.-P.},
  title         = {{T}op {Q}uark {P}hysics at the {LHC}: {A} {R}eview of the {F}irst {T}wo {Y}ears},
  journal       = {Int. J. Mod. Phys.},
  year          = {2012},
  volume        = {A27},
  number        = {17},
  pages         = {1230016},
  archiveprefix = {arXiv},
  doi           = {10.1142/s0217751x12300165},
  eprint        = {1206.4484},
  primaryclass  = {hep-ex},
  slaccitation  = {%%CITATION = ARXIV:1206.4484;%%},
  timestamp     = {2012.06.21},
}

@Comment{jabref-meta: databaseType:bibtex;}
