% Encoding: ISO-8859-1

@Misc{talk:hcp2012,
  title        = {{Top Quark Pair Production}},
  howpublished = {{Hadron Collider Physics Symposium (Kyoto, Japan)}},
  year         = {November 2012},
  note         = {Plenary talk on behalf of the ATLAS,D0,CDF,CMS collaborations},
  file         = {:files/talk_hcp2012.pdf:PDF},
  timestamp    = {2012.11.28},
}

@MISC{talk:hcp10,
  title = {{Top Quark Studies with first CMS Data}},
  howpublished = {{Hadron Collider Physics Symposium (Toronto, Canada)}},
  year = {August 2010},
  note = {Plenary talk on behalf of the CMS collaboration},
  file = {:files/talk_hcp10.pdf:PDF}
}

@MISC{talk:lhc08,
  title = {{QCD and Top Physics at the LHC}},
  howpublished = {{4th Conference on Physics at the LHC (Split, Croatia)}},
  year = {September 2008},
  note = {Plenary talk on behalf of the CMS and ATLAS collaborations},
  file = {:files/talk_lhc08.pdf:PDF}
}

@MISC{talk:dis07,
  title = {{Early Electroweak and Top Quark Physics with CMS}},
  howpublished = {{15th Intl. Workshop on Deep Inelastic Scattering, DIS 2007 (Munich,
	Germany)}},
  year = {April 2007},
  note = {On behalf of the CMS collaboration},
  file = {:files/talk_dis07.pdf:PDF}
}

@MISC{talk:beauty06,
  title = {{CMS Commissioning and Early Physics}},
  howpublished = {{11th Intl. Conference on B-Physics at Hadron Machines, BEAUTY 2006
	(Oxford, UK)}},
  year = {September 2006},
  note = {On behalf of the CMS collaboration},
  file = {:files/talk_beauty06.pdf:PDF}
}

@MISC{talk:ichep06,
  title = {{Diffractive DIS Cross Sections and Parton Distributions}},
  howpublished = {{33rd Intl. Conference on High Energy Physics, ICHEP 2006 (Moscow,
	Russia)}},
  year = {July 2006},
  note = {On behalf of the H1 and ZEUS collaborations},
  file = {:files/talk_ichep06.pdf:PDF}
}

@MISC{talk:dpg05,
  title = {{Hard Diffraction at ep and pp Colliders}},
  howpublished = {{Spring Meeting of the German Physical Society DPG (Berlin, Germany)}},
  year = {March 2005},
  note = {Invited plenary talk},
  file = {:files/talk_dpg05.pdf:PDF}
}

@MISC{talk:dis04,
  title = {{Summary of Experimental Results on Diffraction}},
  howpublished = {{12th Intl. Workshop on Deep Inelastic Scattering, DIS 2004 (High
	Tatras, Slovakia)}},
  year = {April 2004},
  note = {Plenary workshop summary talk},
  file = {:files/talk_dis04.pdf:PDF}
}

@MISC{talk:eps03,
  title = {{Diffractive Final States at H1}},
  howpublished = {{Intl. Europhysics Conference on High Energy Physics, EPS 2003 (Aachen,
	Germany)}},
  year = {July 2003},
  note = {On behalf of the H1 collaboration},
  file = {:files/talk_eps03.pdf:PDF}
}

@MISC{talk:ichep02,
  title = {{Inclusive Diffraction at HERA}},
  howpublished = {{31st Intl. Conference on High Energy Physics, ICHEP 2002 (Amsterdam,
	The Netherlands)}},
  year = {July 2002},
  note = {On behalf of the H1 and ZEUS collaborations},
  file = {:files/talk_ichep02.pdf:PDF}
}

@MISC{talk:dis01,
  title = {{Diffractive Jet Production in DIS}},
  howpublished = {{9th Intl. Workshop on Deep Inelastic Scattering, DIS 2001 (Bologna,
	Italy)}},
  year = {April 2001},
  note = {On behalf of the H1 collaboration},
  file = {:files/talk_dis01.pdf:PDF}
}

@Comment{jabref-meta: databaseType:bibtex;}
