% Encoding: ISO-8859-1


@article{dir3ct,
author= {Javier Montoya and Mohammadreza Amirian and Frank-Peter Schilling and Thilo Stadelmann and Rudolf Marcel F{\"u}chslin and Ivo Herzig and Peter Eggenberger and Lukas Lichtensteiger and Marco Morf and Pascal Paysan and Igor Peterlik and Stefan Scheib},
title= {{Mitigation of motion-induced artefacts in Cone Beam Computed Tomography
using Deep Convolutional Neural Networks}},
journal = {subm. to Med. Phys.},
year={2022}
}

@Article{ISSDS21,
  author  = {Schilling, Frank-Peter AND Flumini, Dandolo AND F{\"u}chslin, Rudolf M. AND Gavagnin, Elena AND Geller, Armando AND Quarteroni, Silvia AND Stadelmann, Thilo},
  title   = {{Foundations of Data Science: A Comprehensive Overview Formed at the 1st International Symposium on the Science of Data Science}},
  journal = {Archives of Data Science, Series A},
  year    = {2022},
  volume  = {8},
  number  = {2},
  pages   = {1 -- 20},
  doi     = {10.5445/IR/1000146422},
  file    = {:files/AoDSA_2022b.pdf:PDF},
}

@InProceedings{aapm2022,
  author    = {Herzig, Ivo and Paysan, Pascal and Scheib, Stefan and Schilling, Frank-Peter and Montoya, Javier and Amirian, Mohammadreza and Stadelmann, Thilo and Eggenberger, Peter and F{\"u}chslin, Rudolf M. and Lichtensteiger, Lukas},
  title     = {{Deep Learning-Based Simultaneous Multi-Phase Deformable Image Registration of Sparse 4D-CBCT}},
  booktitle = {Proceedings of the American Association of Physics in Medicine Annual Meeting (AAPM 2022)},
  year      = {2022},
  note      = {{Washington, DC, USA, July 2022}},
}

@Book{mdpi2022,
  title     = {{Advances in Deep Neural Networks for Visual Pattern Recognition}},
  publisher = {MDPI},
  year      = {2022},
  editor    = {Stadelmann, Thilo and Schilling, Frank-Peter},
  note    = {{Special issue of J. Imaging (ISSN 2313-433X)}},
  url={https://www.mdpi.com/journal/jimaging/special_issues/deep_neural_network},
}


@INPROCEEDINGS{sds2021,
	author={Simmler, Niclas and Sager, Pascal and Andermatt, Philipp and Chavarriaga, Ricardo and Schilling, Frank-Peter and Rosenthal, Matthias and Stadelmann, Thilo},
	booktitle={8th Swiss Conference on Data Science (SDS)}, 
	title={A Survey of Un-, Weakly-, and Semi-Supervised Learning Methods for Noisy, Missing and Partial Labels in Industrial Vision Applications}, 
	year={2021},
	volume={},
	number={},
	pages={26-31},
	doi={10.1109/SDS51136.2021.00012},
	file    = {:files/sds2021.pdf:PDF},
}


@Book{mdpi2020,
  title     = {{Artificial Neural Networks in Pattern Recognition}},
  publisher = {MDPI},
  year      = {2020},
  editor    = {Schilling, Frank-Peter and Stadelmann, Thilo},
  note    = {{Special issue of Computers (ISSN 2073-431X)}},
  url={https://www.mdpi.com/journal/computers/special_issues/ANNPR2020},
}

@Article{autodl,
  author  = {Tuggener, Lukas and Amirian, Mohammadreza and Benites, Fernando and von D{\"a}niken, Pius and Gupta, Prakhar and Schilling, Frank-Peter and Stadelmann, Thilo},
  title   = {{Design Patterns for Resource-Constrained Automated Deep-Learning Methods}},
  journal = {AI},
  year    = {2020},
  volume  = {1},
  number  = {4},
  pages   = {510--538},
  doi     = {10.3390/ai1040031},
  file    = {:files/ai2020.pdf:PDF},
}

@proceedings{annpr2020proc,
  title     = {{Artificial neural networks in pattern recognition : Proceedings of the 9th IAPR TC3 workshop, ANNPR 2020, Winterthur, Switzerland, September 2-4, 2020}},
  year      = {2020},
  editor    = {Schilling, Frank-Peter and Stadelmann, Thilo},
  volume    = {Lecture Notes in Computer Science},
  number    = {12294},
  publisher = {Springer},
  doi       = {10.1007/978-3-030-58309-5},
}
@Article{Amirian2020,
  author  = {Amirian, Mohammadreza and Tuggener, Lukas and Chavarriaga, Ricardo and Satyawan, Yvan Putra and Schilling, Frank-Peter and Schwenker, Friedhelm and Stadelmann, Thilo},
  title   = {Two to trust: AutoML for safe modelling and interpretable deep learning for robustness},
  journal = {Proc. of the 1st TAILOR Workshop on Trustworthy AI at ECAI 2020},
  year    = {2020},
  file    = {:files/Amirian2020.pdf:PDF},
  doi={10.21256/zhaw-22061},
}

@Article{Amirian2019a,
  author    = {Amirian, Mohammadreza and Rombach, Katharina and Tuggener, Lukas and Schilling, Frank-Peter and Stadelmann, Thilo},
  title     = {Efficient deep CNNs for cross-modal automated computer vision under time and space constraints},
  journal = {Proc. of ECML-PKDD 2019, W\"urzburg},
  year      = {2019},
  file      = {:files/Amirian2019a.pdf:PDF},
  doi = {10.21256/zhaw-18357},
}

@Article{itforhealth2019,
  author  = {Schilling, Frank-Peter and Stadelmann, Thilo},
  title   = {{Deep Learning in medizinischer Diagnostik und Qualit\"ats-kontrolle}},
  journal = {Netzwoche, Special Issue: IT for Health},
  year    = {2019},
  doi     = {10.21256/zhaw-20163},
  file    = {:files/itforhealth2019.pdf:PDF},
}




@Comment{jabref-meta: databaseType:bibtex;}
