%% LaTeX2e file `dummy.bib'
%% generated by the `filecontents' environment
%% from source `publications' on 2025/03/03.
%%
@ieeetranbstctl{BSTcontrol,
 CTLdash_repeated_names = {no},
 CTLuse_alt_spacing = {no}}
