%% LaTeX2e file `dummy.bib'
%% generated by the `filecontents' environment
%% from source `publications' on 2021/07/22.
%%
@ieeetranbstctl{BSTcontrol,
 CTLdash_repeated_names = {no},
 CTLuse_alt_spacing = {no}}
